
@article{mandel_type_2014,
	title = {Type {Ia} {Supernova} {Colors} and {Ejecta} {Velocities}: {Hierarchical} {Bayesian} {Regression} with {Non}-{Gaussian} {Distributions}},
	volume = {797},
	issn = {1538-4357},
	shorttitle = {{TYPE} {Ia} {SUPERNOVA} {COLORS} {AND} {EJECTA} {VELOCITIES}},
	url = {http://stacks.iop.org/0004-637X/797/i=2/a=75?key=crossref.50dee9011267fa08fa9163212e635505},
	doi = {10.1088/0004-637X/797/2/75},
	abstract = {We investigate the statistical dependence of the peak intrinsic colors of Type Ia supernovae (SNe Ia) on their expansion velocities at maximum light, measured from the Si ii λ6355 spectral feature. We construct a new hierarchical Bayesian regression model, accounting for the random effects of intrinsic scatter, measurement error, and reddening by host galaxy dust, and implement a Gibbs sampler and deviance information criteria to estimate the correlation. The method is applied to the apparent colors from BVRI light curves and Si ii velocity data for 79 nearby SNe Ia. The apparent color distributions of high-velocity (HV) and normal velocity (NV) supernovae exhibit signiﬁcant discrepancies for B − V and B − R, but not other colors. Hence, they are likely due to intrinsic color differences originating in the B band, rather than dust reddening. The mean intrinsic B − V and B − R color differences between HV and NV groups are 0.06 ± 0.02 and 0.09 ± 0.02 mag, respectively. A linear model ﬁnds signiﬁcant slopes of −0.021 ± 0.006 and −0.030 ± 0.009 mag (103 km s−1)−1 for intrinsic B − V and B − R colors versus velocity, respectively. Because the ejecta velocity distribution is skewed toward high velocities, these effects imply non-Gaussian intrinsic color distributions with skewness up to +0.3. Accounting for the intrinsiccolor–velocity correlation results in corrections to AV extinction estimates as large as −0.12 mag for HV SNe Ia and +0.06 mag for NV events. Velocity measurements from SN Ia spectra have the potential to diminish systematic errors from the confounding of intrinsic colors and dust reddening affecting supernova distances.},
	language = {en},
	number = {2},
	urldate = {2018-03-22},
	journal = {The Astrophysical Journal},
	author = {Mandel, Kaisey S. and Foley, Ryan J. and Kirshner, Robert P.},
	month = nov,
	year = {2014},
	keywords = {supernovae: general, Astrophysics - Cosmology and Nongalactic Astrophysics, methods: statistical, Statistics - Applications},
	pages = {75},
	file = {Mandel et al. - 2014 - TYPE Ia SUPERNOVA COLORS AND EJECTA VELOCITIES HI.pdf:/Users/samdixon/Zotero/storage/5WTHCQTP/Mandel et al. - 2014 - TYPE Ia SUPERNOVA COLORS AND EJECTA VELOCITIES HI.pdf:application/pdf}
}

@article{foley_velocity_2011,
	title = {Velocity {Evolution} and the {Intrinsic} {Color} of {Type} {Ia} {Supernovae}},
	volume = {742},
	issn = {0004-637X, 1538-4357},
	url = {http://stacks.iop.org/0004-637X/742/i=2/a=89?key=crossref.ff921c83e2dd3f42983d39f23c9a5433},
	doi = {10.1088/0004-637X/742/2/89},
	abstract = {To understand how best to use observations of Type Ia supernovae (SNe Ia) to obtain precise and accurate distances, we investigate the relations between spectra of SNe Ia and their intrinsic colors. Using a sample of 1630 optical spectra of 255 SNe, based primarily on data from the CfA Supernova Program, we examine how the velocity evolution and line strengths of Si II λ6355 and Ca II H\&K are related to the B − V color at peak brightness. We ﬁnd that the maximum-light velocity of Si II λ6355 and Ca II H\&K and the maximum-light pseudo-equivalent width of Si II λ6355 are correlated with intrinsic color, with intrinsic color having a linear relation with the Si II λ6355 measurements. Ca II H\&K does not have a linear relation with intrinsic color, but lower-velocity SNe tend to be intrinsically bluer. Combining the spectroscopic measurements does not improve intrinsic color inference. The intrinsic color scatter is larger for higher-velocity SNe Ia — even after removing a linear trend with velocity — indicating that lower-velocity SNe Ia are more “standard crayons.” Employing information derived from SN Ia spectra has the potential to improve the measurements of extragalactic distances and the cosmological properties inferred from them.},
	language = {en},
	number = {2},
	urldate = {2018-03-22},
	journal = {The Astrophysical Journal},
	author = {Foley, Ryan J. and Sanders, Nathan E. and Kirshner, Robert P.},
	month = dec,
	year = {2011},
	keywords = {supernovae: general, Astrophysics - Cosmology and Nongalactic Astrophysics, distance scale, dust, extinction},
	pages = {89},
	file = {Foley et al. - 2011 - VELOCITY EVOLUTION AND THE INTRINSIC COLOR OF TYPE.pdf:/Users/samdixon/Zotero/storage/WM3BZ5K9/Foley et al. - 2011 - VELOCITY EVOLUTION AND THE INTRINSIC COLOR OF TYPE.pdf:application/pdf}
}

@article{foley_measuring_2011,
	title = {Measuring {Ejecta} {Velocity} {Improves} {Type} {Ia} {Supernova} {Distances}},
	volume = {729},
	issn = {0004-637X, 1538-4357},
	url = {http://stacks.iop.org/0004-637X/729/i=1/a=55?key=crossref.788222286d2e0cf0705f3d4e3fb7f7ca},
	doi = {10.1088/0004-637X/729/1/55},
	abstract = {We use a sample of 121 spectroscopically normal Type Ia supernovae (SNe Ia) to show that their intrinsic color is correlated with their ejecta velocity, as measured from the blueshift of the Si ii λ6355 feature near maximum brightness, vSi ii. The SN Ia sample was originally used by Wang et al. to show that the relationship between color excess and peak magnitude, which in the absence of intrinsic color differences describes a reddening law, was different for two subsamples split by vSi ii (deﬁned as “Normal” and “High Velocity”). We verify this result, but ﬁnd that the two subsamples have the same reddening law when extremely reddened events (E(B − V ) {\textgreater} 0.35 mag) are excluded. We also show that (1) the High-Velocity subsample is offset by ∼0.06 mag to the red from the Normal subsample in the (Bmax − Vmax)–MV plane, (2) the Bmax − Vmax cumulative distribution functions of the two subsamples have nearly identical shapes, but the High-Velocity subsample is offset by ∼0.07 mag to the red in Bmax − Vmax, and (3) the bluest High-Velocity SNe Ia are ∼0.10 mag redder than the bluest Normal SNe Ia. Together, this evidence indicates a difference in intrinsic color for the subsamples. Accounting for this intrinsic color difference reduces the scatter in Hubble residuals from 0.190 mag to 0.130 mag for SNe Ia with AV 0.7 mag. The scatter can be further reduced to 0.109 mag by exclusively using SNe Ia from the Normal subsample. Additionally, this result can at least partially explain the anomalously low values of RV found in large SN Ia samples. We explain the correlation between ejecta velocity and color as increased line blanketing in the High-Velocity SNe Ia, causing them to become redder. We discuss some implications of this result, and stress the importance of spectroscopy for future SN Ia cosmology surveys, with particular focus on the design of WFIRST.},
	language = {en},
	number = {1},
	urldate = {2018-03-22},
	journal = {The Astrophysical Journal},
	author = {Foley, Ryan J. and Kasen, Daniel},
	month = mar,
	year = {2011},
	keywords = {supernovae: general, Astrophysics - Cosmology and Nongalactic Astrophysics, distance scale, dust, extinction},
	pages = {55},
	file = {Foley and Kasen - 2011 - MEASURING EJECTA VELOCITY IMPROVES TYPE Ia SUPERNO.pdf:/Users/samdixon/Zotero/storage/XW5RFGXZ/Foley and Kasen - 2011 - MEASURING EJECTA VELOCITY IMPROVES TYPE Ia SUPERNO.pdf:application/pdf}
}

@article{foley_relation_2012,
	title = {The {Relation} {Between} {Ejecta} {Velocity}, {Intrinsic} {Color}, and {Host}-{Galaxy} {Mass} for {High}-{Redshift} {Type} {Ia} {Supernovae}},
	volume = {748},
	issn = {0004-637X, 1538-4357},
	url = {http://stacks.iop.org/0004-637X/748/i=2/a=127?key=crossref.cfbe365dcc6b806ebd7f8862e68585a2},
	doi = {10.1088/0004-637X/748/2/127},
	abstract = {Recently, using a large low-redshift sample of Type Ia supernovae (SNe Ia), we discovered a relation between SN Ia ejecta velocity and intrinsic color that improves the distance precision of SNe Ia and reduces potential systematic biases related to dust reddening. No SN Ia cosmological results have yet made a correction for the “velocity–color” relation. To test the existence of such a relation and constrain its properties at high redshift, we examine a sample of 75 SNe Ia discovered and observed by the Sloan Digital Sky Survey-II Supernova Survey and Supernova Legacy Survey. From each spectrum, we measure ejecta velocities at maximum brightness for the Ca H\&K and Si ii λ6355 features, vC0a H\&K and vS0i ii, respectively. Using SN light curve parameters, we determine the intrinsic Bmax − Vmax for each SN. Similar to what was found at low redshift, we ﬁnd that SNe Ia with higher ejecta velocity tend to be intrinsically redder than SNe Ia with lower ejecta velocity. The distributions of ejecta velocities for SNe Ia at low and high redshift are similar, indicating that current cosmological results should have little bias related to the velocity–color relation. Additionally, we ﬁnd a slight (2.4σ signiﬁcant) trend between SN Ia ejecta velocity and host-galaxy mass such that SNe Ia in high-mass host galaxies tend to have lower ejecta velocities as probed by vC0a H\&K. These results emphasize the importance of spectroscopy for SN Ia cosmology.},
	language = {en},
	number = {2},
	urldate = {2018-03-22},
	journal = {The Astrophysical Journal},
	author = {Foley, Ryan J.},
	month = apr,
	year = {2012},
	keywords = {supernovae: general, Astrophysics - Cosmology and Nongalactic Astrophysics, distance scale, dust, extinction},
	pages = {127},
	file = {Foley - 2012 - THE RELATION BETWEEN EJECTA VELOCITY, INTRINSIC CO.pdf:/Users/samdixon/Zotero/storage/LGK4X2RH/Foley - 2012 - THE RELATION BETWEEN EJECTA VELOCITY, INTRINSIC CO.pdf:application/pdf}
}

@article{the_nearby_supernova_factory_reddening_2011,
	title = {The reddening law of type {Ia} supernovae: separating intrinsic variability from dust using equivalent widths},
	volume = {529},
	issn = {0004-6361, 1432-0746},
	shorttitle = {The reddening law of type {Ia} supernovae},
	url = {http://www.aanda.org/10.1051/0004-6361/201116723},
	doi = {10.1051/0004-6361/201116723},
	abstract = {We employ 76 type Ia supernovae (SNe Ia) with optical spectrophotometry within 2.5 days of B-band maximum light obtained by the Nearby Supernova Factory to derive the impact of Si and Ca features on the supernovae intrinsic luminosity and determine a dust reddening law. We use the equivalent width of Si ii λ4131 in place of the light curve stretch to account for ﬁrst-order intrinsic luminosity variability. The resulting empirical spectral reddening law exhibits strong features that are associated with Ca ii and Si ii λ6355. After applying a correction based on the Ca ii H\&K equivalent width we ﬁnd a reddening law consistent with a Cardelli extinction law. Using the same input data, we compare this result to synthetic rest-frame UBVRI-like photometry to mimic literature observations. After corrections for signatures correlated with Si ii λ4131 and Ca ii H\&K equivalent widths and introducing an empirical correlation between colors, we determine the dust component in each band. We ﬁnd a value of the total-to-selective extinction ratio, RV = 2.8 ± 0.3. This agrees with the Milky Way value, in contrast to the low RV values found in most previous analyses. This result suggests that the long-standing controversy in interpreting SN Ia colors and their compatibility with a classical extinction law, which is critical to their use as cosmological probes, can be explained by the treatment of the dispersion in colors, and by the variability of features apparent in SN Ia spectra.},
	language = {en},
	urldate = {2018-03-22},
	journal = {Astronomy \& Astrophysics},
	author = {{The Nearby Supernova Factory} and Chotard, N. and Gangler, E. and Aldering, G. and Antilogus, P. and Aragon, C. and Bailey, S. and Baltay, C. and Bongard, S. and Buton, C. and Canto, A. and Childress, M. and Copin, Y. and Fakhouri, H. K. and Hsiao, E. Y. and Kerschhaggl, M. and Kowalski, M. and Loken, S. and Nugent, P. and Paech, K. and Pain, R. and Pecontal, E. and Pereira, R. and Perlmutter, S. and Rabinowitz, D. and Runge, K. and Scalzo, R. and Smadja, G. and Tao, C. and Thomas, R. C. and Weaver, B. A. and Wu, C.},
	month = may,
	year = {2011},
	pages = {L4},
	file = {The Nearby Supernova Factory et al. - 2011 - The reddening law of type Ia supernovae separatin.pdf:/Users/samdixon/Zotero/storage/F77CVZYI/The Nearby Supernova Factory et al. - 2011 - The reddening law of type Ia supernovae separatin.pdf:application/pdf}
}

@article{silverman_berkeley_2012,
	title = {Berkeley {Supernova} {Ia} {Program} - {II}. {Initial} analysis of spectra obtained near maximum brightness: {BSNIP} {II}: initial spectral analysis},
	volume = {425},
	issn = {00358711},
	shorttitle = {Berkeley {Supernova} {Ia} {Program} - {II}. {Initial} analysis of spectra obtained near maximum brightness},
	url = {https://academic.oup.com/mnras/article-lookup/doi/10.1111/j.1365-2966.2012.21269.x},
	doi = {10.1111/j.1365-2966.2012.21269.x},
	abstract = {In this second paper in a series, we present measurements of spectral features of 432 lowredshift (z {\textless} 0.1) optical spectra of 261 Type Ia supernovae (SNe Ia) within 20 d of maximum brightness. The data were obtained from 1989 to the end of 2008 as part of the Berkeley Supernova Ia Program (BSNIP) and are presented in BSNIP I by Silverman et al. We describe in detail our method of automated, robust spectral feature deﬁnition and measurement which expands upon similar previous studies. Using this procedure, we attempt to measure expansion velocities, pseudo-equivalent widths (pEWs), spectral feature depths and ﬂuxes at the centre and endpoints of each of nine major spectral feature complexes. We investigate how velocity and pEW evolve with time and how they correlate with each other. Various spectral classiﬁcation schemes are employed and quantitative spectral differences among the subclasses are investigated. Several ratios of pEW values are calculated and studied. The so-called Si II ratio, often used as a luminosity indicator, is found to be well correlated with the so-called SiFe ratio and anticorrelated with the analogous ‘SSi ratio’, conﬁrming the results of previous studies. Furthermore, SNe Ia that show strong evidence for interaction with circumstellar material or an aspherical explosion are found to have the largest near-maximum expansion velocities and pEWs, possibly linking extreme values of spectral observables with speciﬁc progenitor or explosion scenarios. We ﬁnd that purely spectroscopic classiﬁcation schemes are useful in identifying the most peculiar SNe Ia. However, in almost all spectral parameters investigated, the full sample of objects spans a nearly continuous range of values. Comparisons to previously published theoretical models of SNe Ia are made and we conclude with a brief discussion of how the measurements performed herein and the possible correlations presented will be important for future SN surveys.},
	language = {en},
	number = {3},
	urldate = {2018-03-23},
	journal = {Monthly Notices of the Royal Astronomical Society},
	author = {Silverman, Jeffrey M. and Kong, Jason J. and Filippenko, Alexei V.},
	month = sep,
	year = {2012},
	pages = {1819--1888},
	file = {Silverman et al. - 2012 - Berkeley Supernova Ia Program - II. Initial analys.pdf:/Users/samdixon/Zotero/storage/8N827RG8/Silverman et al. - 2012 - Berkeley Supernova Ia Program - II. Initial analys.pdf:application/pdf}
}

@article{blondin_using_2006,
	title = {Using {Line} {Profiles} to {Test} the {Fraternity} of {Type} {Ia} {Supernovae} at {High} and {Low} {Redshifts}},
	volume = {131},
	issn = {0004-6256, 1538-3881},
	url = {http://stacks.iop.org/1538-3881/131/i=3/a=1648},
	doi = {10.1086/498724},
	abstract = {Using archival data of low-redshift (z {\textless} 0:01; Center for Astrophysics and SUSPECT databases) Type Ia supernovae (SNe Ia) and recent observations of high-redshift (0:16 {\textless} z {\textless} 0:64) SNe Ia, we study the ‘‘uniformity’’ of the spectroscopic properties of nearby and distant SNe Ia. We ﬁnd no difference in the measurements we describe here. In this paper we base our analysis solely on line-proﬁle morphology, focusing on measurements of the velocity location of maximum absorption (vabs) and peak emission (vpeak). Our measurement technique makes it easier to compare low and high signal-to-noise ratio observations. We also quantify the associated sources of error, assessing the effect of line blending with assistance from the parameterized code SYNOW. We ﬁnd that the evolution of vabs and vpeak for our sample lines (Ca ii k3945, Si ii k6355, and S ii kk5454, 5640) is similar for both the low- and high-redshift samples. We ﬁnd that vabs for the weak S ii kk5454, 5640 lines and vpeak for S ii k5454 can be used to identify fast-declining [Ám15(B) {\textgreater} 1:7] SNe Ia, which are also subluminous. In addition, we give the ﬁrst direct evidence in two high-z SN Ia spectra of a double-absorption feature in Ca ii k3945, an event also observed, although infrequently, in lowredshift SN Ia spectra (6 out of 22 SNe Ia in our local sample). Moreover, echoing the recent studies of Dessart \& Hillier in the context of Type II supernovae (SNe II), we see similar P Cygni line proﬁles in our large sample of SN Ia spectra. First, the magnitude of the velocity location at maximum proﬁle absorption may underestimate that at the continuum photosphere, as observed, for example, in the optically thinner line S ii k5640. Second, we report for the ﬁrst time the unambiguous and systematic intrinsic blueshift of peak emission of optical P Cygni line proﬁles in SN Ia spectra, by as much as 8000 km sÀ1. All the high-z SNe Ia analyzed in this paper were discovered and followed up by the ESSENCE collaboration and are now publicly available.},
	language = {en},
	number = {3},
	urldate = {2018-03-23},
	journal = {The Astronomical Journal},
	author = {Blondin, Stéphane and Dessart, Luc and Leibundgut, Bruno and Branch, David and Höflich, Peter and Tonry, John L. and Matheson, Thomas and Foley, Ryan J. and Chornock, Ryan and Filippenko, Alexei V. and Sollerman, Jesper and Spyromilio, Jason and Kirshner, Robert P. and Wood-Vasey, W. Michael and Clocchiatti, Alejandro and Aguilera, Claudio and Barris, Brian and Becker, Andrew C. and Challis, Peter and Covarrubias, Ricardo and Davis, Tamara M. and Garnavich, Peter and Hicken, Malcolm and Jha, Saurabh and Krisciunas, Kevin and Li, Weidong and Miceli, Anthony and Miknaitis, Gajus and Pignata, Giuliano and Prieto, Jose Luis and Rest, Armin and Riess, Adam G. and Salvo, Maria Elena and Schmidt, Brian P. and Smith, R. Chris and Stubbs, Christopher W. and Suntzeff, Nicholas B.},
	month = mar,
	year = {2006},
	keywords = {Astrophysics, Cosmology: Observations, Stars: Supernovae: General, Line: Formation, Line: Profiles},
	pages = {1648--1666},
	file = {Blondin et al. - 2006 - Using Line Profiles to Test the Fraternity of Type.pdf:/Users/samdixon/Zotero/storage/VPCDWZY2/Blondin et al. - 2006 - Using Line Profiles to Test the Fraternity of Type.pdf:application/pdf}
}

@article{fakhouri_improving_2015,
	title = {Improving {Cosmological} {Distance} {Measurements} {Using} {Twin} {Type} {Ia} {Supernovae}},
	volume = {815},
	issn = {1538-4357},
	url = {http://stacks.iop.org/0004-637X/815/i=1/a=58?key=crossref.9080ed6c5ee7b1651cc59a44a60bd55e},
	doi = {10.1088/0004-637X/815/1/58},
	abstract = {We introduce a method for identifying “twin” Type Ia supernovae (SNe Ia)and using them to improve distance measurements. This novel approach to SN Ia standardization is made possible by spectrophotometric time series observations from the Nearby Supernova Factory (SNfactory). We begin with a well-measured set of SNe, ﬁnd pairs whose spectra match well across the entire optical window, and then test whether this leads to a smaller dispersion in their absolute brightnesses. This analysis is completed in a blinded fashion, ensuring that decisions made in implementing the method do not inadvertently bias the result. We ﬁnd that pairs of SNe with more closely matched spectra indeed have reduced brightness dispersion. We are able to standardize this initial set of SNfactory SNe to 0.083±0.012 mag, implying a dispersion of 0.072±0.010 mag in the absence of peculiar velocities. We estimate that with larger numbers of comparison SNe, e.g., using the ﬁnal SNfactory spectrophotometric data set as a reference, this method will be capable of standardizing high-redshift SNe to within 0.06–0.07 mag. These results imply that at least 3/4 of the variance in Hubble residuals in current SN cosmology analyses is due to previously unaccounted-for astrophysical differences among the SNe.},
	language = {en},
	number = {1},
	urldate = {2018-03-23},
	journal = {The Astrophysical Journal},
	author = {Fakhouri, H. K. and Boone, K. and Aldering, G. and Antilogus, P. and Aragon, C. and Bailey, S. and Baltay, C. and Barbary, K. and Baugh, D. and Bongard, S. and Buton, C. and Chen, J. and Childress, M. and Chotard, N. and Copin, Y. and Fagrelius, P. and Feindt, U. and Fleury, M. and Fouchez, D. and Gangler, E. and Hayden, B. and Kim, A. G. and Kowalski, M. and Leget, P.-F. and Lombardo, S. and Nordin, J. and Pain, R. and Pecontal, E. and Pereira, R. and Perlmutter, S. and Rabinowitz, D. and Ren, J. and Rigault, M. and Rubin, D. and Runge, K. and Saunders, C. and Scalzo, R. and Smadja, G. and Sofiatti, C. and Strovink, M. and Suzuki, N. and Tao, C. and Thomas, R. C. and Weaver, B. A. and {The Nearby Supernova Factory}},
	month = dec,
	year = {2015},
	keywords = {cosmology: observations, supernovae: general, Astrophysics - Cosmology and Nongalactic Astrophysics},
	pages = {58},
	file = {Fakhouri et al. - 2015 - IMPROVING COSMOLOGICAL DISTANCE MEASUREMENTS USING.pdf:/Users/samdixon/Zotero/storage/AV9K4WR2/Fakhouri et al. - 2015 - IMPROVING COSMOLOGICAL DISTANCE MEASUREMENTS USING.pdf:application/pdf}
}

@article{farrar_multicollinearity_1967,
	title = {Multicollinearity in {Regression} {Analysis}: {The} {Problem} {Revisited}},
	volume = {49},
	issn = {00346535, 15309142},
	url = {http://www.jstor.org/stable/1937887},
	number = {1},
	journal = {The Review of Economics and Statistics},
	author = {Farrar, Donald E. and Glauber, Robert R.},
	year = {1967},
	pages = {92--107}
}

@article{phillips_absolute_1993,
	title = {The {Absolute} {Magnitudes} of {Type} {IA} {Supernovae}},
	volume = {413},
	doi = {10.1086/186970},
	journal = {{\textbackslash}apjl},
	author = {Phillips, M. M.},
	month = aug,
	year = {1993},
	keywords = {Astronomical Photometry, Astrophysics, Brightness Distribution, COSMOLOGY: DISTANCE SCALE, Light Curve, STARS: SUPERNOVAE: GENERAL, Stellar Luminosity, Stellar Magnitude, Supernovae, White Dwarf Stars},
	pages = {L105}
}

@article{hamuy_morphology_1996,
	title = {The {Morphology} of {Type} {IA} {Supernovae} {Light} {Curves}},
	volume = {112},
	doi = {10.1086/118193},
	journal = {{\textbackslash}aj},
	author = {Hamuy, Mario and Phillips, M. M. and Suntzeff, Nicholas B. and Schommer, Robert A. and Maza, Jose and Smith, R. C. and Lira, P. and Aviles, R.},
	month = dec,
	year = {1996},
	keywords = {Astrophysics, STARS: FUNDAMENTAL PARAMETERS, SUPERNOVAE: GENERAL},
	pages = {2438}
}

@article{riess_precise_1996,
	title = {A {Precise} {Distance} {Indicator}: {Type} {IA} {Supernova} {Multicolor} {Light}-{Curve} {Shapes}},
	volume = {473},
	shorttitle = {riess\_mlcs\_1996},
	doi = {10.1086/178129},
	journal = {{\textbackslash}apj},
	author = {Riess, Adam G. and Press, William H. and Kirshner, Robert P.},
	month = dec,
	year = {1996},
	keywords = {Astrophysics, COSMOLOGY: DISTANCE SCALE, STARS: SUPERNOVAE: GENERAL, EXTINCTION, ISM: DUST},
	pages = {88}
}

@article{perlmutter_measurements_1997,
	title = "{Measurements of the Cosmological Parameters {\ensuremath{\Omega}} and {\ensuremath{\Lambda}} from the First Seven Supernovae at z \&gt;= 0.35}",
	volume = {483},
	doi = {10.1086/304265},
	number = {2},
	journal = {{\textbackslash}apj},
	author = {Perlmutter, S. and Gabi, S. and Goldhaber, G. and Goobar, A. and Groom, D. E. and Hook, I. M. and Kim, A. G. and Kim, M. Y. and Lee, J. C. and Pain, R. and Pennypacker, C. R. and Small, I. A. and Ellis, R. S. and McMahon, R. G. and Boyle, B. J. and Bunclark, P. S. and Carter, D. and Irwin, M. J. and Glazebrook, K. and Newberg, H. J. M. and Filippenko, A. V. and Matheson, T. and Dopita, M. and Couch, W. J.},
	month = jul,
	year = {1997},
	keywords = {Astrophysics, Cosmology: Distance Scale, Cosmology: Observations, Stars: Supernovae: General},
	pages = {565--581}
}

@article{riess_observational_1998,
	title = {Observational {Evidence} from {Supernovae} for an {Accelerating} {Universe} and a {Cosmological} {Constant}},
	volume = {116},
	doi = {10.1086/300499},
	number = {3},
	journal = {{\textbackslash}aj},
	author = {Riess, Adam G. and Filippenko, Alexei V. and Challis, Peter and Clocchiatti, Alejandro and Diercks, Alan and Garnavich, Peter M. and Gilliland, Ron L. and Hogan, Craig J. and Jha, Saurabh and Kirshner, Robert P. and Leibundgut, B. and Phillips, M. M. and Reiss, David and Schmidt, Brian P. and Schommer, Robert A. and Smith, R. Chris and Spyromilio, J. and Stubbs, Christopher and Suntzeff, Nicholas B. and Tonry, John},
	month = sep,
	year = {1998},
	keywords = {Astrophysics, STARS: SUPERNOVAE: GENERAL, COSMOLOGY: OBSERVATIONS},
	pages = {1009--1038}
}

@article{guy_salt2_2007,
	title = {{SALT2}: using distant supernovae to improve the use of type {Ia} supernovae as distance indicators},
	volume = {466},
	doi = {10.1051/0004-6361:20066930},
	number = {1},
	journal = {{\textbackslash}aap},
	author = {Guy, J. and Astier, P. and Baumont, S. and Hardin, D. and Pain, R. and Regnault, N. and Basa, S. and Carlberg, R. G. and Conley, A. and Fabbro, S. and Fouchez, D. and Hook, I. M. and Howell, D. A. and Perrett, K. and Pritchet, C. J. and Rich, J. and Sullivan, M. and Antilogus, P. and Aubourg, E. and Bazin, G. and Bronder, J. and Filiol, M. and Palanque-Delabrouille, N. and Ripoche, P. and Ruhlmann-Kleider, V.},
	month = apr,
	year = {2007},
	keywords = {Astrophysics, cosmology: observations, supernovae: general},
	pages = {11--21}
}

@article{betoule_improved_2014,
	title = {Improved cosmological constraints from a joint analysis of the {SDSS}-{II} and {SNLS} supernova samples},
	volume = {568},
	doi = {10.1051/0004-6361/201423413},
	journal = {{\textbackslash}aap},
	author = {Betoule, M. and Kessler, R. and Guy, J. and Mosher, J. and Hardin, D. and Biswas, R. and Astier, P. and El-Hage, P. and Konig, M. and Kuhlmann, S. and Marriner, J. and Pain, R. and Regnault, N. and Balland, C. and Bassett, B. A. and Brown, P. J. and Campbell, H. and Carlberg, R. G. and Cellier-Holzem, F. and Cinabro, D. and Conley, A. and D'Andrea, C. B. and DePoy, D. L. and Doi, M. and Ellis, R. S. and Fabbro, S. and Filippenko, A. V. and Foley, R. J. and Frieman, J. A. and Fouchez, D. and Galbany, L. and Goobar, A. and Gupta, R. R. and Hill, G. J. and Hlozek, R. and Hogan, C. J. and Hook, I. M. and Howell, D. A. and Jha, S. W. and Le Guillou, L. and Leloudas, G. and Lidman, C. and Marshall, J. L. and Möller, A. and Mourão, A. M. and Neveu, J. and Nichol, R. and Olmstead, M. D. and Palanque-Delabrouille, N. and Perlmutter, S. and Prieto, J. L. and Pritchet, C. J. and Richmond, M. and Riess, A. G. and Ruhlmann-Kleider, V. and Sako, M. and Schahmaneche, K. and Schneider, D. P. and Smith, M. and Sollerman, J. and Sullivan, M. and Walton, N. A. and Wheeler, C. J.},
	month = aug,
	year = {2014},
	keywords = {cosmology: observations, Astrophysics - Cosmology and Nongalactic Astrophysics, dark energy, distance scale},
	pages = {A22}
}

@article{mosher_cosmological_2014,
	title = {Cosmological {Parameter} {Uncertainties} from {SALT}-{II} {Type} {Ia} {Supernova} {Light} {Curve} {Models}},
	volume = {793},
	doi = {10.1088/0004-637X/793/1/16},
	number = {1},
	journal = {{\textbackslash}apj},
	author = {Mosher, J. and Guy, J. and Kessler, R. and Astier, P. and Marriner, J. and Betoule, M. and Sako, M. and El-Hage, P. and Biswas, R. and Pain, R. and Kuhlmann, S. and Regnault, N. and Frieman, J. A. and Schneider, D. P.},
	month = sep,
	year = {2014},
	keywords = {supernovae: general, Astrophysics - Cosmology and Nongalactic Astrophysics, dark energy},
	pages = {16}
}

@article{kelly_hubble_2010,
	title = {Hubble {Residuals} of {Nearby} {Type} {Ia} {Supernovae} are {Correlated} with {Host} {Galaxy} {Masses}},
	volume = {715},
	doi = {10.1088/0004-637X/715/2/743},
	number = {2},
	journal = {{\textbackslash}apj},
	author = {Kelly, Patrick L. and Hicken, Malcolm and Burke, David L. and Mand el, Kaisey S. and Kirshner, Robert P.},
	month = jun,
	year = {2010},
	keywords = {supernovae: general, Astrophysics - Cosmology and Nongalactic Astrophysics},
	pages = {743--756}
}

@article{lampeitl_effect_2010,
	title = {The {Effect} of {Host} {Galaxies} on {Type} {Ia} {Supernovae} in the {SDSS}-{II} {Supernova} {Survey}},
	volume = {722},
	doi = {10.1088/0004-637X/722/1/566},
	number = {1},
	journal = {{\textbackslash}apj},
	author = {Lampeitl, Hubert and Smith, Mathew and Nichol, Robert C. and Bassett, Bruce and Cinabro, David and Dilday, Benjamin and Foley, Ryan J. and Frieman, Joshua A. and Garnavich, Peter M. and Goobar, Ariel and Im, Myungshin and Jha, Saurabh W. and Marriner, John and Miquel, Ramon and Nordin, Jakob and Östman, Linda and Riess, Adam G. and Sako, Masao and Schneider, Donald P. and Sollerman, Jesper and Stritzinger, Maximilian},
	month = oct,
	year = {2010},
	keywords = {supernovae: general, Astrophysics - Cosmology and Nongalactic Astrophysics, distance scale, galaxies: fundamental parameters},
	pages = {566--576}
}

@article{childress_host_2013,
	title = {Host {Galaxy} {Properties} and {Hubble} {Residuals} of {Type} {Ia} {Supernovae} from the {Nearby} {Supernova} {Factory}},
	volume = {770},
	doi = {10.1088/0004-637X/770/2/108},
	number = {2},
	journal = {{\textbackslash}apj},
	author = {Childress, M. and Aldering, G. and Antilogus, P. and Aragon, C. and Bailey, S. and Baltay, C. and Bongard, S. and Buton, C. and Canto, A. and Cellier-Holzem, F. and Chotard, N. and Copin, Y. and Fakhouri, H. K. and Gangler, E. and Guy, J. and Hsiao, E. Y. and Kerschhaggl, M. and Kim, A. G. and Kowalski, M. and Loken, S. and Nugent, P. and Paech, K. and Pain, R. and Pecontal, E. and Pereira, R. and Perlmutter, S. and Rabinowitz, D. and Rigault, M. and Runge, K. and Scalzo, R. and Smadja, G. and Tao, C. and Thomas, R. C. and Weaver, B. A. and Wu, C.},
	month = jun,
	year = {2013},
	keywords = {supernovae: general, Astrophysics - Cosmology and Nongalactic Astrophysics, dark energy},
	pages = {108}
}

@article{rigault_evidence_2013,
	title = {Evidence of environmental dependencies of {Type} {Ia} supernovae from the {Nearby} {Supernova} {Factory} indicated by local {H}{\textbackslash}ensuremath{\textbackslash}alpha},
	volume = {560},
	doi = {10.1051/0004-6361/201322104},
	journal = {{\textbackslash}aap},
	author = {Rigault, M. and Copin, Y. and Aldering, G. and Antilogus, P. and Aragon, C. and Bailey, S. and Baltay, C. and Bongard, S. and Buton, C. and Canto, A. and Cellier-Holzem, F. and Childress, M. and Chotard, N. and Fakhouri, H. K. and Feindt, U. and Fleury, M. and Gangler, E. and Greskovic, P. and Guy, J. and Kim, A. G. and Kowalski, M. and Lombardo, S. and Nordin, J. and Nugent, P. and Pain, R. and Pécontal, E. and Pereira, R. and Perlmutter, S. and Rabinowitz, D. and Runge, K. and Saunders, C. and Scalzo, R. and Smadja, G. and Tao, C. and Thomas, R. C. and Weaver, B. A.},
	month = dec,
	year = {2013},
	keywords = {cosmology: observations, Astrophysics - Cosmology and Extragalactic Astrophysics},
	pages = {A66}
}

@article{rigault_confirmation_2015,
	title = {Confirmation of a {Star} {Formation} {Bias} in {Type} {Ia} {Supernova} {Distances} and its {Effect} on the {Measurement} of the {Hubble} {Constant}},
	volume = {802},
	doi = {10.1088/0004-637X/802/1/20},
	number = {1},
	journal = {{\textbackslash}apj},
	author = {Rigault, M. and Aldering, G. and Kowalski, M. and Copin, Y. and Antilogus, P. and Aragon, C. and Bailey, S. and Baltay, C. and Baugh, D. and Bongard, S. and Boone, K. and Buton, C. and Chen, J. and Chotard, N. and Fakhouri, H. K. and Feindt, U. and Fagrelius, P. and Fleury, M. and Fouchez, D. and Gangler, E. and Hayden, B. and Kim, A. G. and Leget, P. -F. and Lombardo, S. and Nordin, J. and Pain, R. and Pecontal, E. and Pereira, R. and Perlmutter, S. and Rabinowitz, D. and Runge, K. and Rubin, D. and Saunders, C. and Smadja, G. and Sofiatti, C. and Suzuki, N. and Tao, C. and Weaver, B. A.},
	month = mar,
	year = {2015},
	keywords = {cosmology: observations, supernovae: general, Astrophysics - Cosmology and Nongalactic Astrophysics, distance scale, galaxies: distances and redshifts, ultraviolet: galaxies},
	pages = {20}
}

@article{smith_first_2020,
	title = {First cosmology results using type {Ia} supernovae from the {Dark} {Energy} {Survey}: the effect of host galaxy properties on supernova luminosity},
	volume = {494},
	doi = {10.1093/mnras/staa946},
	number = {3},
	journal = {{\textbackslash}mnras},
	author = {Smith, M. and Sullivan, M. and Wiseman, P. and Kessler, R. and Scolnic, D. and Brout, D. and D'Andrea, C. B. and Davis, T. M. and Foley, R. J. and Frohmaier, C. and Galbany, L. and Gupta, R. R. and Gutiérrez, C. P. and Hinton, S. R. and Kelsey, L. and Lidman, C. and Macaulay, E. and Möller, A. and Nichol, R. C. and Nugent, P. and Palmese, A. and Pursiainen, M. and Sako, M. and Swann, E. and Thomas, R. C. and Tucker, B. E. and Vincenzi, M. and Carollo, D. and Lewis, G. F. and Sommer, N. E. and Abbott, T. M. C. and Aguena, M. and Allam, S. and Avila, S. and Bertin, E. and Bhargava, S. and Brooks, D. and Buckley-Geer, E. and Burke, D. L. and Carnero Rosell, A. and Carrasco Kind, M. and Costanzi, M. and da Costa, L. N. and De Vicente, J. and Desai, S. and Diehl, H. T. and Doel, P. and Eifler, T. F. and Everett, S. and Flaugher, B. and Fosalba, P. and Frieman, J. and García-Bellido, J. and Gaztanaga, E. and Glazebrook, K. and Gruen, D. and Gruendl, R. A. and Gschwend, J. and Gutierrez, G. and Hartley, W. G. and Hollowood, D. L. and Honscheid, K. and James, D. J. and Krause, E. and Kuehn, K. and Kuropatkin, N. and Lima, M. and MacCrann, N. and Maia, M. A. G. and Marshall, J. L. and Martini, P. and Melchior, P. and Menanteau, F. and Miquel, R. and Paz-Chinchón, F. and Plazas, A. A. and Romer, A. K. and Roodman, A. and Rykoff, E. S. and Sanchez, E. and Scarpine, V. and Schubnell, M. and Serrano, S. and Sevilla-Noarbe, I. and Suchyta, E. and Swanson, M. E. C. and Tarle, G. and Thomas, D. and Tucker, D. L. and Varga, T. N. and Walker, A. R. and {DES Collaboration}},
	month = apr,
	year = {2020},
	keywords = {cosmology: observations, supernovae: general, Astrophysics - Cosmology and Nongalactic Astrophysics, distance scale, Astrophysics - Astrophysics of Galaxies, surveys, transients: supernovae},
	pages = {4426--4447}
}

@article{abbott_first_2019,
	title = {First {Cosmology} {Results} using {Type} {Ia} {Supernovae} from the {Dark} {Energy} {Survey}: {Constraints} on {Cosmological} {Parameters}},
	volume = {872},
	doi = {10.3847/2041-8213/ab04fa},
	number = {2},
	journal = {{\textbackslash}apjl},
	author = {Abbott, T. M. C. and Allam, S. and Andersen, P. and Angus, C. and Asorey, J. and Avelino, A. and Avila, S. and Bassett, B. A. and Bechtol, K. and Bernstein, G. M. and Bertin, E. and Brooks, D. and Brout, D. and Brown, P. and Burke, D. L. and Calcino, J. and Carnero Rosell, A. and Carollo, D. and Carrasco Kind, M. and Carretero, J. and Casas, R. and Castander, F. J. and Cawthon, R. and Challis, P. and Childress, M. and Clocchiatti, A. and Cunha, C. E. and D'Andrea, C. B. and da Costa, L. N. and Davis, C. and Davis, T. M. and De Vicente, J. and DePoy, D. L. and Desai, S. and Diehl, H. T. and Doel, P. and Drlica-Wagner, A. and Eifler, T. F. and Evrard, A. E. and Fernandez, E. and Filippenko, A. V. and Finley, D. A. and Flaugher, B. and Foley, R. J. and Fosalba, P. and Frieman, J. and Galbany, L. and García-Bellido, J. and Gaztanaga, E. and Giannantonio, T. and Glazebrook, K. and Goldstein, D. A. and González-Gaitán, S. and Gruen, D. and Gruendl, R. A. and Gschwend, J. and Gupta, R. R. and Gutierrez, G. and Hartley, W. G. and Hinton, S. R. and Hollowood, D. L. and Honscheid, K. and Hoormann, J. K. and Hoyle, B. and James, D. J. and Jeltema, T. and Johnson, M. W. G. and Johnson, M. D. and Kasai, E. and Kent, S. and Kessler, R. and Kim, A. G. and Kirshner, R. P. and Kovacs, E. and Krause, E. and Kron, R. and Kuehn, K. and Kuhlmann, S. and Kuropatkin, N. and Lahav, O. and Lasker, J. and Lewis, G. F. and Li, T. S. and Lidman, C. and Lima, M. and Lin, H. and Macaulay, E. and Maia, M. A. G. and Mandel, K. S. and March, M. and Marriner, J. and Marshall, J. L. and Martini, P. and Menanteau, F. and Miller, C. J. and Miquel, R. and Miranda, V. and Mohr, J. J. and Morganson, E. and Muthukrishna, D. and Möller, A. and Neilsen, E. and Nichol, R. C. and Nord, B. and Nugent, P. and Ogando, R. L. C. and Palmese, A. and Pan, Y. -C. and Plazas, A. A. and Pursiainen, M. and Romer, A. K. and Roodman, A. and Rozo, E. and Rykoff, E. S. and Sako, M. and Sanchez, E. and Scarpine, V. and Schindler, R. and Schubnell, M. and Scolnic, D. and Serrano, S. and Sevilla-Noarbe, I. and Sharp, R. and Smith, M. and Soares-Santos, M. and Sobreira, F. and Sommer, N. E. and Spinka, H. and Suchyta, E. and Sullivan, M. and Swann, E. and Tarle, G. and Thomas, D. and Thomas, R. C. and Troxel, M. A. and Tucker, B. E. and Uddin, S. A. and Walker, A. R. and Wester, W. and Wiseman, P. and Wolf, R. C. and Yanny, B. and Zhang, B. and Zhang, Y. and {DES Collaboration}},
	month = feb,
	year = {2019},
	keywords = {Astrophysics - Cosmology and Nongalactic Astrophysics, dark energy, dark matter},
	pages = {L30}
}

@article{scolnic_complete_2018,
	title = {The {Complete} {Light}-curve {Sample} of {Spectroscopically} {Confirmed} {SNe} {Ia} from {Pan}-{STARRS1} and {Cosmological} {Constraints} from the {Combined} {Pantheon} {Sample}},
	volume = {859},
	doi = {10.3847/1538-4357/aab9bb},
	number = {2},
	journal = {{\textbackslash}apj},
	author = {Scolnic, D. M. and Jones, D. O. and Rest, A. and Pan, Y. C. and Chornock, R. and Foley, R. J. and Huber, M. E. and Kessler, R. and Narayan, G. and Riess, A. G. and Rodney, S. and Berger, E. and Brout, D. J. and Challis, P. J. and Drout, M. and Finkbeiner, D. and Lunnan, R. and Kirshner, R. P. and Sand ers, N. E. and Schlafly, E. and Smartt, S. and Stubbs, C. W. and Tonry, J. and Wood-Vasey, W. M. and Foley, M. and Hand, J. and Johnson, E. and Burgett, W. S. and Chambers, K. C. and Draper, P. W. and Hodapp, K. W. and Kaiser, N. and Kudritzki, R. P. and Magnier, E. A. and Metcalfe, N. and Bresolin, F. and Gall, E. and Kotak, R. and McCrum, M. and Smith, K. W.},
	month = jun,
	year = {2018},
	keywords = {cosmology: observations, supernovae: general, Astrophysics - Cosmology and Nongalactic Astrophysics, dark energy},
	pages = {101}
}

@article{conley_supernova_2011,
	title = {Supernova {Constraints} and {Systematic} {Uncertainties} from the {First} {Three} {Years} of the {Supernova} {Legacy} {Survey}},
	volume = {192},
	doi = {10.1088/0067-0049/192/1/1},
	number = {1},
	journal = {{\textbackslash}apjs},
	author = {Conley, A. and Guy, J. and Sullivan, M. and Regnault, N. and Astier, P. and Balland, C. and Basa, S. and Carlberg, R. G. and Fouchez, D. and Hardin, D. and Hook, I. M. and Howell, D. A. and Pain, R. and Palanque-Delabrouille, N. and Perrett, K. M. and Pritchet, C. J. and Rich, J. and Ruhlmann-Kleider, V. and Balam, D. and Baumont, S. and Ellis, R. S. and Fabbro, S. and Fakhouri, H. K. and Fourmanoit, N. and González-Gaitán, S. and Graham, M. L. and Hudson, M. J. and Hsiao, E. and Kronborg, T. and Lidman, C. and Mourao, A. M. and Neill, J. D. and Perlmutter, S. and Ripoche, P. and Suzuki, N. and Walker, E. S.},
	month = jan,
	year = {2011},
	keywords = {cosmology: observations, supernovae: general, Astrophysics - Cosmology and Extragalactic Astrophysics, cosmological parameters},
	pages = {1}
}

@article{rest_cosmological_2014,
	title = {Cosmological {Constraints} from {Measurements} of {Type} {Ia} {Supernovae} {Discovered} during the {First} 1.5 yr of the {Pan}-{STARRS1} {Survey}},
	volume = {795},
	doi = {10.1088/0004-637X/795/1/44},
	number = {1},
	journal = {{\textbackslash}apj},
	author = {Rest, A. and Scolnic, D. and Foley, R. J. and Huber, M. E. and Chornock, R. and Narayan, G. and Tonry, J. L. and Berger, E. and Soderberg, A. M. and Stubbs, C. W. and Riess, A. and Kirshner, R. P. and Smartt, S. J. and Schlafly, E. and Rodney, S. and Botticella, M. T. and Brout, D. and Challis, P. and Czekala, I. and Drout, M. and Hudson, M. J. and Kotak, R. and Leibler, C. and Lunnan, R. and Marion, G. H. and McCrum, M. and Milisavljevic, D. and Pastorello, A. and Sanders, N. E. and Smith, K. and Stafford, E. and Thilker, D. and Valenti, S. and Wood-Vasey, W. M. and Zheng, Z. and Burgett, W. S. and Chambers, K. C. and Denneau, L. and Draper, P. W. and Flewelling, H. and Hodapp, K. W. and Kaiser, N. and Kudritzki, R. -P. and Magnier, E. A. and Metcalfe, N. and Price, P. A. and Sweeney, W. and Wainscoat, R. and Waters, C.},
	month = nov,
	year = {2014},
	keywords = {cosmology: observations, supernovae: general, Astrophysics - Cosmology and Nongalactic Astrophysics, dark energy, cosmological parameters},
	pages = {44}
}

@article{scolnic_systematic_2014,
	title = {Systematic {Uncertainties} {Associated} with the {Cosmological} {Analysis} of the {First} {Pan}-{STARRS1} {Type} {Ia} {Supernova} {Sample}},
	volume = {795},
	doi = {10.1088/0004-637X/795/1/45},
	number = {1},
	journal = {{\textbackslash}apj},
	author = {Scolnic, D. and Rest, A. and Riess, A. and Huber, M. E. and Foley, R. J. and Brout, D. and Chornock, R. and Narayan, G. and Tonry, J. L. and Berger, E. and Soderberg, A. M. and Stubbs, C. W. and Kirshner, R. P. and Rodney, S. and Smartt, S. J. and Schlafly, E. and Botticella, M. T. and Challis, P. and Czekala, I. and Drout, M. and Hudson, M. J. and Kotak, R. and Leibler, C. and Lunnan, R. and Marion, G. H. and McCrum, M. and Milisavljevic, D. and Pastorello, A. and Sand ers, N. E. and Smith, K. and Stafford, E. and Thilker, D. and Valenti, S. and Wood-Vasey, W. M. and Zheng, Z. and Burgett, W. S. and Chambers, K. C. and Denneau, L. and Draper, P. W. and Flewelling, H. and Hodapp, K. W. and Kaiser, N. and Kudritzki, R. -P. and Magnier, E. A. and Metcalfe, N. and Price, P. A. and Sweeney, W. and Wainscoat, R. and Waters, C.},
	month = nov,
	year = {2014},
	keywords = {supernovae: general, Astrophysics - Cosmology and Nongalactic Astrophysics, dark energy},
	pages = {45}
}

@article{sullivan_snls3_2011,
	title = {{SNLS3}: {Constraints} on {Dark} {Energy} {Combining} the {Supernova} {Legacy} {Survey} {Three}-year {Data} with {Other} {Probes}},
	volume = {737},
	doi = {10.1088/0004-637X/737/2/102},
	number = {2},
	journal = {{\textbackslash}apj},
	author = {Sullivan, M. and Guy, J. and Conley, A. and Regnault, N. and Astier, P. and Balland, C. and Basa, S. and Carlberg, R. G. and Fouchez, D. and Hardin, D. and Hook, I. M. and Howell, D. A. and Pain, R. and Palanque-Delabrouille, N. and Perrett, K. M. and Pritchet, C. J. and Rich, J. and Ruhlmann-Kleider, V. and Balam, D. and Baumont, S. and Ellis, R. S. and Fabbro, S. and Fakhouri, H. K. and Fourmanoit, N. and González-Gaitán, S. and Graham, M. L. and Hudson, M. J. and Hsiao, E. and Kronborg, T. and Lidman, C. and Mourao, A. M. and Neill, J. D. and Perlmutter, S. and Ripoche, P. and Suzuki, N. and Walker, E. S.},
	month = aug,
	year = {2011},
	keywords = {cosmology: observations, supernovae: general, Astrophysics - Cosmology and Extragalactic Astrophysics, surveys, cosmological parameters},
	pages = {102}
}

@article{frieman_sloan_2008,
	title = {The {Sloan} {Digital} {Sky} {Survey}-{II} {Supernova} {Survey}: {Technical} {Summary}},
	volume = {135},
	doi = {10.1088/0004-6256/135/1/338},
	number = {1},
	journal = {{\textbackslash}aj},
	author = {Frieman, Joshua A. and Bassett, Bruce and Becker, Andrew and Choi, Changsu and Cinabro, David and DeJongh, Fritz and Depoy, Darren L. and Dilday, Ben and Doi, Mamoru and Garnavich, Peter M. and Hogan, Craig J. and Holtzman, Jon and Im, Myungshin and Jha, Saurabh and Kessler, Richard and Konishi, Kohki and Lampeitl, Hubert and Marriner, John and Marshall, Jennifer L. and McGinnis, David and Miknaitis, Gajus and Nichol, Robert C. and Prieto, Jose Luis and Riess, Adam G. and Richmond, Michael W. and Romani, Roger and Sako, Masao and Schneider, Donald P. and Smith, Mathew and Takanashi, Naohiro and Tokita, Kouichi and van der Heyden, Kurt and Yasuda, Naoki and Zheng, Chen and Adelman-McCarthy, Jennifer and Annis, James and Assef, Roberto J. and Barentine, John and Bender, Ralf and Bland ford, Roger D. and Boroski, William N. and Bremer, Malcolm and Brewington, Howard and Collins, Chris A. and Crotts, Arlin and Dembicky, Jack and Eastman, Jason and Edge, Alastair and Edmondson, Edmond and Elson, Edward and Eyler, Michael E. and Filippenko, Alexei V. and Foley, Ryan J. and Frank, Stephan and Goobar, Ariel and Gueth, Tina and Gunn, James E. and Harvanek, Michael and Hopp, Ulrich and Ihara, Yutaka and Ivezić, Želko and Kahn, Steven and Kaplan, Jared and Kent, Stephen and Ketzeback, William and Kleinman, Scott J. and Kollatschny, Wolfram and Kron, Richard G. and Krzesiński, Jurek and Lamenti, Dennis and Leloudas, Giorgos and Lin, Huan and Long, Daniel C. and Lucey, John and Lupton, Robert H. and Malanushenko, Elena and Malanushenko, Viktor and McMillan, Russet J. and Mendez, Javier and Morgan, Christopher W. and Morokuma, Tomoki and Nitta, Atsuko and Ostman, Linda and Pan, Kaike and Rockosi, Constance M. and Romer, A. Kathy and Ruiz-Lapuente, Pilar and Saurage, Gabrelle and Schlesinger, Katie and Snedden, Stephanie A. and Sollerman, Jesper and Stoughton, Chris and Stritzinger, Maximilian and Subba Rao, Mark and Tucker, Douglas and Vaisanen, Petri and Watson, Linda C. and Watters, Shannon and Wheeler, J. Craig and Yanny, Brian and York, Donald},
	month = jan,
	year = {2008},
	keywords = {Astrophysics, supernovae: general, surveys},
	pages = {338--347}
}

@article{kessler_first-year_2009,
	title = {First-{Year} {Sloan} {Digital} {Sky} {Survey}-{II} {Supernova} {Results}: {Hubble} {Diagram} and {Cosmological} {Parameters}},
	volume = {185},
	doi = {10.1088/0067-0049/185/1/32},
	number = {1},
	journal = {{\textbackslash}apjs},
	author = {Kessler, Richard and Becker, Andrew C. and Cinabro, David and Vand erplas, Jake and Frieman, Joshua A. and Marriner, John and Davis, Tamara M. and Dilday, Benjamin and Holtzman, Jon and Jha, Saurabh W. and Lampeitl, Hubert and Sako, Masao and Smith, Mathew and Zheng, Chen and Nichol, Robert C. and Bassett, Bruce and Bender, Ralf and Depoy, Darren L. and Doi, Mamoru and Elson, Ed and Filippenko, Alexei V. and Foley, Ryan J. and Garnavich, Peter M. and Hopp, Ulrich and Ihara, Yutaka and Ketzeback, William and Kollatschny, W. and Konishi, Kohki and Marshall, Jennifer L. and McMillan, Russet J. and Miknaitis, Gajus and Morokuma, Tomoki and Mörtsell, Edvard and Pan, Kaike and Prieto, Jose Luis and Richmond, Michael W. and Riess, Adam G. and Romani, Roger and Schneider, Donald P. and Sollerman, Jesper and Takanashi, Naohiro and Tokita, Kouichi and van der Heyden, Kurt and Wheeler, J. C. and Yasuda, Naoki and York, Donald},
	month = nov,
	year = {2009},
	keywords = {cosmology: observations, supernovae: general, Astrophysics - Cosmology and Nongalactic Astrophysics, distance scale, surveys, cosmological parameters, methods: data analysis},
	pages = {32--84}
}

@article{sako_vizier_2014,
	title = {{VizieR} {Online} {Data} {Catalog}: {Sloan} {Digital} {Sky} {Survey}-{II} {Supernova} {Survey} ({Sako}+, 2018)},
	journal = {VizieR Online Data Catalog},
	author = {Sako, M. and Bassett, B. and Becker, A. C. and Brown, P. J. and Campbell, H. and Cane, R. and Cinabro, D. and D'Andrea, C. B. and Dawson, K. S. and Dejongh, F. and Depoy, D. L. and Dilday, B. and Doi, M. and Filippenko, A. V. and Fischer, J. A. and Foley, R. J. and Frieman, J. A. and Galbany, L. and Garnavich, P. M. and Goobar, A. and Gupta, R. R. and Hill, G. J. and Hayden, B. T. and Hlozek, R. and Holtzman, J. A. and Hopp, U. and Jha, S. W. and Kessler, R. and Kollatschny, W. and Leloudas, G. and Marriner, J. and Marshall, J. L. and Miquel, R. and Morokuma, T. and Mosher, J. and Nichol, R. C. and Nordin, J. and Olmstead, M. D. and Ostman, L. and Prieto, J. L. and Richmond, M. and Romani, R. W. and Sollerman, J. and Stritzinger, M. and Schneider, D. P. and Smith, M. and Wheeler, J. C. and Yasuda, N. and Zheng, C.},
	month = oct,
	year = {2014},
	keywords = {Supernovae, Surveys},
	pages = {II/333}
}

@article{sullivan_dependence_2010,
	title = {The dependence of {Type} {Ia} {Supernovae} luminosities on their host galaxies},
	volume = {406},
	doi = {10.1111/j.1365-2966.2010.16731.x},
	number = {2},
	journal = {{\textbackslash}mnras},
	author = {Sullivan, M. and Conley, A. and Howell, D. A. and Neill, J. D. and Astier, P. and Balland, C. and Basa, S. and Carlberg, R. G. and Fouchez, D. and Guy, J. and Hardin, D. and Hook, I. M. and Pain, R. and Palanque-Delabrouille, N. and Perrett, K. M. and Pritchet, C. J. and Regnault, N. and Rich, J. and Ruhlmann-Kleider, V. and Baumont, S. and Hsiao, E. and Kronborg, T. and Lidman, C. and Perlmutter, S. and Walker, E. S.},
	month = aug,
	year = {2010},
	keywords = {cosmology: observations, supernovae: general, Astrophysics - Cosmology and Nongalactic Astrophysics, distance scale},
	pages = {782--802}
}

@article{childress_ages_2014,
	title = {Ages of {Type} {Ia} supernovae over cosmic time},
	volume = {445},
	doi = {10.1093/mnras/stu1892},
	number = {2},
	journal = {{\textbackslash}mnras},
	author = {Childress, Michael J. and Wolf, Christian and Zahid, H. Jabran},
	month = dec,
	year = {2014},
	keywords = {supernovae: general, Astrophysics - Cosmology and Nongalactic Astrophysics, dark energy, Astrophysics - Astrophysics of Galaxies, galaxies: evolution},
	pages = {1898--1911}
}

@article{saunders_snemo_2018,
	title = {{SNEMO}: {Improved} {Empirical} {Models} for {Type} {Ia} {Supernovae}},
	volume = {869},
	doi = {10.3847/1538-4357/aaec7e},
	number = {2},
	journal = {{\textbackslash}apj},
	author = {Saunders, C. and Aldering, G. and Antilogus, P. and Bailey, S. and Baltay, C. and Barbary, K. and Baugh, D. and Boone, K. and Bongard, S. and Buton, C. and Chen, J. and Chotard, N. and Copin, Y. and Dixon, S. and Fagrelius, P. and Fakhouri, H. K. and Feindt, U. and Fouchez, D. and Gangler, E. and Hayden, B. and Hillebrandt, W. and Kim, A. G. and Kowalski, M. and Küsters, D. and Leget, P. -F. and Lombardo, S. and Nordin, J. and Pain, R. and Pecontal, E. and Pereira, R. and Perlmutter, S. and Rabinowitz, D. and Rigault, M. and Rubin, D. and Runge, K. and Smadja, G. and Sofiatti, C. and Suzuki, N. and Tao, C. and Taubenberger, S. and Thomas, R. C. and Vincenzi, M. and Nearby Supernova Factory, The},
	month = dec,
	year = {2018},
	keywords = {cosmology: observations, supernovae: general, Astrophysics - Cosmology and Nongalactic Astrophysics},
	pages = {167}
}

@article{branch_comparative_2006,
	title = {Comparative {Direct} {Analysis} of {Type} {Ia} {Supernova} {Spectra}. {II}. {Maximum} {Light}},
	volume = {118},
	doi = {10.1086/502778},
	number = {842},
	journal = {{\textbackslash}pasp},
	author = {Branch, David and Dang, Leeann Chau and Hall, Nicholas and Ketchum, Wesley and Melakayil, Mercy and Parrent, Jerod and Troxel, M. A. and Casebeer, D. and Jeffery, David J. and Baron, E.},
	month = apr,
	year = {2006},
	keywords = {Astrophysics, Stars: Supernovae: General},
	pages = {560--571}
}

@article{fitzpatrick_correcting_1999,
	title = {Correcting for the {Effects} of {Interstellar} {Extinction}},
	volume = {111},
	doi = {10.1086/316293},
	number = {755},
	journal = {{\textbackslash}pasp},
	author = {Fitzpatrick, Edward L.},
	month = jan,
	year = {1999},
	keywords = {Astrophysics, EXTINCTION, ISM: DUST},
	pages = {63--75}
}

@article{rubin_unity_2015,
	title = {{UNITY}: {Confronting} {Supernova} {Cosmology}'s {Statistical} and {Systematic} {Uncertainties} in a {Unified} {Bayesian} {Framework}},
	volume = {813},
	doi = {10.1088/0004-637X/813/2/137},
	number = {2},
	journal = {{\textbackslash}apj},
	author = {Rubin, D. and Aldering, G. and Barbary, K. and Boone, K. and Chappell, G. and Currie, M. and Deustua, S. and Fagrelius, P. and Fruchter, A. and Hayden, B. and Lidman, C. and Nordin, J. and Perlmutter, S. and Saunders, C. and Sofiatti, C. and Supernova Cosmology Project, The},
	month = nov,
	year = {2015},
	keywords = {supernovae: general, Astrophysics - Cosmology and Nongalactic Astrophysics, dark energy, methods: statistical},
	pages = {137}
}

@article{scolnic_measuring_2016,
	title = {Measuring {Type} {Ia} {Supernova} {Populations} of {Stretch} and {Color} and {Predicting} {Distance} {Biases}},
	volume = {822},
	doi = {10.3847/2041-8205/822/2/L35},
	number = {2},
	journal = {{\textbackslash}apjl},
	author = {Scolnic, D. and Kessler, R.},
	month = may,
	year = {2016},
	keywords = {supernovae: general, Astrophysics - Cosmology and Nongalactic Astrophysics, dark energy},
	pages = {L35}
}

@article{siebert_possible_2020,
	title = {A possible distance bias for type {Ia} supernovae with different ejecta velocities},
	volume = {493},
	doi = {10.1093/mnras/staa577},
	number = {4},
	journal = {{\textbackslash}mnras},
	author = {Siebert, M. R. and Foley, R. J. and Jones, D. O. and Davis, K. W.},
	month = mar,
	year = {2020},
	keywords = {supernovae: general, Astrophysics - Cosmology and Nongalactic Astrophysics, Astrophysics - Astrophysics of Galaxies, Astrophysics - High Energy Astrophysical Phenomena},
	pages = {5713--5725}
}

@article{tripp_determination_1999,
	title = {Determination of the {Hubble} {Constant} {Using} a {Two}-{Parameter} {Luminosity} {Correction} for {Type} {IA} {Supernovae}},
	volume = {525},
	doi = {10.1086/307883},
	number = {1},
	journal = {{\textbackslash}apj},
	author = {Tripp, Robert and Branch, David},
	month = nov,
	year = {1999},
	keywords = {Astrophysics, COSMOLOGY: DISTANCE SCALE, STARS: SUPERNOVAE: GENERAL, Cosmology: Distance Scale, Stars: Supernovae: General},
	pages = {209--214}
}

@article{cramer_composition_1928,
	title = {On the composition of elementary errors},
	volume = {1928},
	url = {https://doi.org/10.1080/03461238.1928.10416872},
	doi = {10.1080/03461238.1928.10416872},
	number = {1},
	journal = {Scandinavian Actuarial Journal},
	author = {Cramér, Harald},
	year = {1928},
	pages = {141--180}
}

@book{silverman_density_1986,
	address = {London},
	series = {Monographs on {Statistics} and {Applied} {Probability}},
	title = {Density estimation for statistics and data analysis},
	url = {https://cds.cern.ch/record/1070306},
	publisher = {Chapman and Hall},
	author = {Silverman, Bernard W},
	year = {1986}
}

@article{hounsell_simulations_2017,
	title = {Simulations of the {WFIRST} {Supernova} {Survey} and {Forecasts} of {Cosmological} {Constraints}},
	url = {https://arxiv.org/abs/1702.01747},
	journal = {arXiv preprint arXiv:1702.01747},
	author = {Hounsell, R. and Scolnic, D. and Foley, R. J. and Kessler, R. and Miranda, V. and Avelino, A. and Bohlin, R. C. and Filippenko, A. V. and Frieman, J. and Jha, S. W. and {others}},
	year = {2017}
}

@article{pedregosa_scikit-learn_2011,
	title = {Scikit-learn: {Machine} learning in {Python}},
	volume = {12},
	shorttitle = {Scikit-learn},
	url = {http://www.jmlr.org/papers/v12/pedregosa11a.html},
	number = {Oct},
	journal = {Journal of Machine Learning Research},
	author = {Pedregosa, Fabian and Varoquaux, Gaël and Gramfort, Alexandre and Michel, Vincent and Thirion, Bertrand and Grisel, Olivier and Blondel, Mathieu and Prettenhofer, Peter and Weiss, Ron and Dubourg, Vincent and {others}},
	year = {2011},
	pages = {2825--2830}
}

@article{blondin_type_2007,
	title = {Type, {Redshift}, and {Age} of {SN} {Spectra}},
	volume = {666},
	journal = {The Astrophysical Journal},
	author = {Blondin, Stéphane and Tonry, John L.},
	year = {2007},
	pages = {1024--1047}
}

@article{wang_evidence_2013,
	title = {Evidence for {Two} {Distinct} {Populations} of {Type} {Ia} {Supernovae}},
	volume = {340},
	issn = {0036-8075, 1095-9203},
	url = {http://www.sciencemag.org/cgi/doi/10.1126/science.1234414},
	doi = {10.1126/science.1234414},
	language = {en},
	number = {6129},
	journal = {Science},
	author = {Wang, Xiaofeng and Wang, Lifan and Filippenko, Alexei V. and Zhang, Tianmeng and Zhao, Xulin},
	month = apr,
	year = {2013},
	pages = {170--173}
}

@article{wang_improved_2009,
	title = {{IMPROVED} {DISTANCES} {TO} {TYPE} {Ia} {SUPERNOVAE} {WITH} {TWO} {SPECTROSCOPIC} {SUBCLASSES}},
	volume = {699},
	issn = {0004-637X, 1538-4357},
	url = {http://stacks.iop.org/1538-4357/699/i=2/a=L139?key=crossref.d49cde6a1e2f36ecf2c565dc94f29600},
	doi = {10.1088/0004-637X/699/2/L139},
	number = {2},
	journal = {The Astrophysical Journal},
	author = {Wang, X. and Filippenko, A. V. and Ganeshalingam, M. and Li, W. and Silverman, J. M. and Wang, L. and Chornock, R. and Foley, R. J. and Gates, E. L. and Macomber, B. and Serduke, F. J. D. and Steele, T. N. and Wong, D. S.},
	month = jul,
	year = {2009},
	pages = {L139--L143}
}

@article{blondin_spectroscopic_2012,
	title = {{THE} {SPECTROSCOPIC} {DIVERSITY} {OF} {TYPE} {Ia} {SUPERNOVAE}},
	volume = {143},
	issn = {0004-6256, 1538-3881},
	url = {http://stacks.iop.org/1538-3881/143/i=5/a=126?key=crossref.8200bfccc15433e77296b716f6b42f0a},
	doi = {10.1088/0004-6256/143/5/126},
	number = {5},
	journal = {The Astronomical Journal},
	author = {Blondin, S. and Matheson, T. and Kirshner, R. P. and Mandel, K. S. and Berlind, P. and Calkins, M. and Challis, P. and Garnavich, P. M. and Jha, S. W. and Modjaz, M. and Riess, A. G. and Schmidt, B. P.},
	month = may,
	year = {2012},
	keywords = {supernovae: general, surveys},
	pages = {126}
}

@article{filippenko_optical_1997,
	title = {Optical spectra of supernovae},
	volume = {35},
	url = {http://annualreviews.org/doi/abs/10.1146/annurev.astro.35.1.309},
	number = {1},
	journal = {Annual Review of Astronomy and Astrophysics},
	author = {Filippenko, Alexei V.},
	year = {1997},
	pages = {309--355}
}

@article{bailey_using_2009,
	title = {Using spectral flux ratios to standardize {SN} {Ia} luminosities},
	volume = {500},
	issn = {0004-6361, 1432-0746},
	url = {http://www.aanda.org/10.1051/0004-6361/200911973},
	doi = {10.1051/0004-6361/200911973},
	number = {2},
	journal = {Astronomy and Astrophysics},
	author = {Bailey, S. and Aldering, G. and Antilogus, P. and Aragon, C. and Baltay, C. and Bongard, S. and Buton, C. and Childress, M. and Chotard, N. and Copin, Y. and Gangler, E. and Loken, S. and Nugent, P. and Pain, R. and Pecontal, E. and Pereira, R. and Perlmutter, S. and Rabinowitz, D. and Rigaudier, G. and Runge, K. and Scalzo, R. and Smadja, G. and Swift, H. and Tao, C. and Thomas, R. C. and Wu, C.},
	month = jun,
	year = {2009},
	pages = {L17--L20}
}

@article{riess_24_2016,
	title = {A 2.4\% {DETERMINATION} {OF} {THE} {LOCAL} {VALUE} {OF} {THE} {HUBBLE} {CONSTANTBased} on observations with the {NASA}/{ESA} {Hubble} {Space} {Telescope}, obtained at the {Space} {Telescope} {Science} {Institute}, which is operated by {AURA}, {Inc}., under {NASA} contract {NAS} 5-26555.},
	volume = {826},
	url = {http://iopscience.iop.org/article/10.3847/0004-637X/826/1/56/meta},
	number = {1},
	journal = {The Astrophysical Journal},
	author = {Riess, Adam G. and Macri, Lucas M. and Hoffmann, Samantha L. and Scolnic, Dan and Casertano, Stefano and Filippenko, Alexei V. and Tucker, Brad E. and Reid, Mark J. and Jones, David O. and Silverman, Jeffrey M. and {others}},
	year = {2016},
	pages = {56}
}

@article{ade_planck_2016,
	title = {Planck 2015 results-{XIII}. {Cosmological} parameters},
	volume = {594},
	url = {http://www.aanda.org/articles/aa/full_html/2016/10/aa25830-15/aa25830-15.html},
	journal = {Astronomy \& Astrophysics},
	author = {Ade, P. A. R. and Aghanim, N. and Arnaud, M. and Ashdown, M. and Aumont, J. and Baccigalupi, C. and Banday, A. J. and Barreiro, R. B. and Bartlett, J. G. and Bartolo, N. and {others}},
	year = {2016},
	pages = {A13}
}

@article{hsiao_strong_2015,
	title = {Strong near-infrared carbon in the {Type} {Ia} supernova {iPTF13ebh}},
	volume = {578},
	issn = {0004-6361, 1432-0746},
	url = {http://www.aanda.org/10.1051/0004-6361/201425297},
	doi = {10.1051/0004-6361/201425297},
	journal = {Astronomy \& Astrophysics},
	author = {Hsiao, E. Y. and Burns, C. R. and Contreras, C. and Höflich, P. and Sand, D. and Marion, G. H. and Phillips, M. M. and Stritzinger, M. and González-Gaitán, S. and Mason, R. E. and Folatelli, G. and Parent, E. and Gall, C. and Amanullah, R. and Anupama, G. C. and Arcavi, I. and Banerjee, D. P. K. and Beletsky, Y. and Blanc, G. A. and Bloom, J. S. and Brown, P. J. and Campillay, A. and Cao, Y. and De Cia, A. and Diamond, T. and Freedman, W. L. and Gonzalez, C. and Goobar, A. and Holmbo, S. and Howell, D. A. and Johansson, J. and Kasliwal, M. M. and Kirshner, R. P. and Krisciunas, K. and Kulkarni, S. R. and Maguire, K. and Milne, P. A. and Morrell, N. and Nugent, P. E. and Ofek, E. O. and Osip, D. and Palunas, P. and Perley, D. A. and Persson, S. E. and Piro, A. L. and Rabus, M. and Roth, M. and Schiefelbein, J. M. and Srivastav, S. and Sullivan, M. and Suntzeff, N. B. and Surace, J. and Woźniak, P. R. and Yaron, O.},
	month = jun,
	year = {2015},
	pages = {A9}
}

@article{stritzinger_comprehensive_2015,
	title = {Comprehensive observations of the bright and energetic {Type} {Iax} {SN} {2012Z}: {Interpretation} as a {Chandrasekhar} mass white dwarf explosion},
	volume = {573},
	issn = {0004-6361, 1432-0746},
	shorttitle = {Comprehensive observations of the bright and energetic {Type} {Iax} {SN} {2012Z}},
	url = {http://www.aanda.org/10.1051/0004-6361/201424168},
	doi = {10.1051/0004-6361/201424168},
	journal = {Astronomy \& Astrophysics},
	author = {Stritzinger, M. D. and Valenti, S. and Hoeflich, P. and Baron, E. and Phillips, M. M. and Taddia, F. and Foley, R. J. and Hsiao, E. Y. and Jha, S. W. and McCully, C. and Pandya, V. and Simon, J. D. and Benetti, S. and Brown, P. J. and Burns, C. R. and Campillay, A. and Contreras, C. and Förster, F. and Holmbo, S. and Marion, G. H. and Morrell, N. and Pignata, G.},
	month = jan,
	year = {2015},
	pages = {A2}
}

@article{boldt_near-infrared_2014,
	title = {Near-infrared {K} corrections of {Type} {Ia} {Supernovae} and their errors},
	volume = {126},
	url = {http://iopscience.iop.org/article/10.1086/676019/meta},
	number = {938},
	journal = {Publications of the Astronomical Society of the Pacific},
	author = {Boldt, Luis N. and Stritzinger, Maximilian D. and Burns, Chris and Hsiao, Eric and Phillips, M. M. and Goobar, Ariel and Marion, G. H. and Stanishev, Vallery},
	year = {2014},
	pages = {324}
}

@article{folatelli_carnegie_2010,
	title = {{THE} {CARNEGIE} {SUPERNOVA} {PROJECT}: {ANALYSIS} {OF} {THE} {FIRST} {SAMPLE} {OF} {LOW}-{REDSHIFT} {TYPE}-{Ia} {SUPERNOVAE}},
	volume = {139},
	issn = {0004-6256, 1538-3881},
	shorttitle = {{THE} {CARNEGIE} {SUPERNOVA} {PROJECT}},
	url = {http://stacks.iop.org/1538-3881/139/i=1/a=120?key=crossref.428f16a98ba5f0dcfa0854afa20f61e4},
	doi = {10.1088/0004-6256/139/1/120},
	number = {1},
	journal = {The Astronomical Journal},
	author = {Folatelli, Gastón and Phillips, M. M. and Burns, Christopher R. and Contreras, Carlos and Hamuy, Mario and Freedman, W. L. and Persson, S. E. and Stritzinger, Maximilian and Suntzeff, Nicholas B. and Krisciunas, Kevin and Boldt, Luis and González, Sergio and Krzeminski, Wojtek and Morrell, Nidia and Roth, Miguel and Salgado, Francisco and Madore, Barry F. and Murphy, David and Wyatt, Pamela and Li, Weidong and Filippenko, Alexei V. and Miller, Nicole},
	month = jan,
	year = {2010},
	pages = {120--144}
}

@article{huang_extinction_2017,
	title = {The {Extinction} {Properties} of and {Distance} to the {Highly} {Reddened} {Type} {Ia} {Supernova} {SN} 2012cu},
	url = {https://arxiv.org/abs/1701.01422},
	journal = {arXiv preprint arXiv:1701.01422},
	author = {Huang, Xiaosheng and Raha, Zachary and Aldering, G. and Antilogus, Pierre and Bailey, S. and Baltay, C. and Barbary, K. and Baugh, Derek and Boone, Kyle and Bongard, Sebastien and {others}},
	year = {2017}
}

@inproceedings{aldering_overview_2002,
	title = {Overview of the nearby supernova factory},
	url = {http://proceedings.spiedigitallibrary.org/proceeding.aspx?articleid=1314668},
	booktitle = {Astronomical {Telescopes} and {Instrumentation}},
	publisher = {International Society for Optics and Photonics},
	author = {Aldering, Greg and Adam, Gilles and Antilogus, Pierre and Astier, Pierre and Bacon, Roland and Bongard, Sébastien and Bonnaud, Christophe and Copin, Yannick and Hardin, Delphine and Henault, Francois and {others}},
	year = {2002},
	pages = {61--72}
}

@article{kasen_secondary_2006,
	title = {Secondary maximum in the near-infrared light curves of type {Ia} supernovae},
	volume = {649},
	url = {http://iopscience.iop.org/article/10.1086/506588/meta},
	number = {2},
	journal = {The Astrophysical Journal},
	author = {Kasen, Daniel},
	year = {2006},
	pages = {939}
}

@article{barone-nugent_near-infrared_2013,
	title = {Near-infrared observations of type {Ia} supernovae: {The} best known standard candle for cosmology},
	volume = {432},
	shorttitle = {Near-infrared observations of type {Ia} supernovae},
	url = {http://www.academia.edu/download/31151584/1204.2308v1.pdf},
	number = {1},
	journal = {Monthly Notices of the Royal Astronomical Society},
	author = {Barone-Nugent, R. L. and Lidman, C. and Wyithe, J. S. B. and Mould, J. and Howell, D. A. and Hook, I. M. and Sullivan, M. and Nugent, P. E. and Arcavi, I. and Cenko, S. B. and {others}},
	year = {2013},
	pages = {L90--L91}
}

@article{hicken_improved_2009,
	title = {{IMPROVED} {DARK} {ENERGY} {CONSTRAINTS} {FROM} ∼100 {NEW} {CfA} {SUPERNOVA} {TYPE} {Ia} {LIGHT} {CURVES}},
	volume = {700},
	issn = {0004-637X, 1538-4357},
	url = {http://stacks.iop.org/0004-637X/700/i=2/a=1097?key=crossref.2e71b2d3e159e9a579fd872227bb76ee},
	doi = {10.1088/0004-637X/700/2/1097},
	number = {2},
	journal = {The Astrophysical Journal},
	author = {Hicken, Malcolm and Wood-Vasey, W. Michael and Blondin, Stephane and Challis, Peter and Jha, Saurabh and Kelly, Patrick L. and Rest, Armin and Kirshner, Robert P.},
	month = aug,
	year = {2009},
	pages = {1097--1140}
}

@article{contreras_carnegie_2010,
	title = {{THE} {CARNEGIE} {SUPERNOVA} {PROJECT}: {FIRST} {PHOTOMETRY} {DATA} {RELEASE} {OF} {LOW}-{REDSHIFT} {TYPE} {Ia} {SUPERNOVAE}},
	volume = {139},
	issn = {0004-6256, 1538-3881},
	shorttitle = {{THE} {CARNEGIE} {SUPERNOVA} {PROJECT}},
	url = {http://stacks.iop.org/1538-3881/139/i=2/a=519?key=crossref.d99bf9b86e9330b992d662e5e314743b},
	doi = {10.1088/0004-6256/139/2/519},
	number = {2},
	journal = {The Astronomical Journal},
	author = {Contreras, Carlos and Hamuy, Mario and Phillips, M. M. and Folatelli, Gastón and Suntzeff, Nicholas B. and Persson, S. E. and Stritzinger, Maximilian and Boldt, Luis and González, Sergio and Krzeminski, Wojtek and Morrell, Nidia and Roth, Miguel and Salgado, Francisco and Maureira, María José and Burns, Christopher R. and Freedman, W. L. and Madore, Barry F. and Murphy, David and Wyatt, Pamela and Li, Weidong and Filippenko, Alexei V.},
	month = feb,
	year = {2010},
	pages = {519--539}
}

@article{nobili_colour-lightcurve_2008,
	title = {The colour-lightcurve shape relation of type {Ia} supernovae and the reddening law},
	volume = {487},
	issn = {0004-6361, 1432-0746},
	url = {http://www.aanda.org/10.1051/0004-6361:20079292},
	doi = {10.1051/0004-6361:20079292},
	number = {1},
	journal = {Astronomy and Astrophysics},
	author = {Nobili, S. and Goobar, A.},
	month = aug,
	year = {2008},
	pages = {19--31}
}

@article{conley_is_2007,
	title = {Is there evidence for a {Hubble} bubble? {The} nature of {Type} {Ia} supernova colors and dust in external galaxies},
	volume = {664},
	journal = {The Astrophysical Journal},
	author = {Conley, A. and Carlberg, R. G. and Guy, J. and Howell, D. A. and Jha, S. and Riess, A. G. and Sullivan, M.},
	month = jul,
	year = {2007},
	pages = {L13--L16}
}

@article{elias_type_1985,
	title = {Type {I} supernovae in the infrared and their use as distance indicators},
	volume = {296},
	journal = {The Astrophysical Journal},
	author = {Elias, J. H. and Matthews, K. and Neugebauer, G. and Persson, S. E.},
	month = sep,
	year = {1985},
	pages = {379--389}
}

@article{elias_infrared_1981,
	title = {Infrared light curves of type {I} supernovae},
	volume = {251},
	journal = {The Astrophysical Journal},
	author = {Elias, J. H. and Frogel, Jay A. and Hackwell, J. A. and Persson, S. E.},
	month = dec,
	year = {1981},
	pages = {L13--L16}
}

@article{smette_molecfit_2015,
	title = {Molecfit: {A} general tool for telluric absorption correction: {I}. {Method} and application to {ESO} instruments ⋆⋆⋆},
	volume = {576},
	issn = {0004-6361, 1432-0746},
	shorttitle = {Molecfit},
	url = {http://www.aanda.org/10.1051/0004-6361/201423932},
	doi = {10.1051/0004-6361/201423932},
	journal = {Astronomy \& Astrophysics},
	author = {Smette, A. and Sana, H. and Noll, S. and Horst, H. and Kausch, W. and Kimeswenger, S. and Barden, M. and Szyszka, C. and Jones, A. M. and Gallenne, A. and Vinther, J. and Ballester, P. and Taylor, J.},
	month = apr,
	year = {2015},
	pages = {A77}
}

@article{kausch_molecfit_2015,
	title = {Molecfit: {A} general tool for telluric absorption correction-{II}. {Quantitative} evaluation on {ESO}-{VLT}/{X}-{Shooterspectra}},
	volume = {576},
	shorttitle = {Molecfit},
	url = {http://www.aanda.org/articles/aa/full_html/2015/04/aa23909-14/aa23909-14.html},
	journal = {Astronomy \& Astrophysics},
	author = {Kausch, W. and Noll, S. and Smette, A. and Kimeswenger, S. and Barden, M. and Szyszka, C. and Jones, A. M. and Sana, Hugues and Horst, H. and Kerber, F.},
	year = {2015},
	pages = {A78}
}

@article{marion_catalog_2009,
	title = {A {CATALOG} {OF} {NEAR}-{INFRARED} {SPECTRA} {FROM} {TYPE} {Ia} {SUPERNOVAE}},
	volume = {138},
	issn = {0004-6256, 1538-3881},
	url = {http://stacks.iop.org/1538-3881/138/i=3/a=727?key=crossref.c0a15d1bc80b3277664e34cfdc8685e3},
	doi = {10.1088/0004-6256/138/3/727},
	number = {3},
	journal = {The Astronomical Journal},
	author = {Marion, G. H. and Höflich, P. and Gerardy, C. L. and Vacca, W. D. and Wheeler, J. C. and Robinson, E. L.},
	month = sep,
	year = {2009},
	pages = {727--757}
}

@article{kattner_standardizability_2012,
	title = {The standardizability of type {Ia} supernovae in the near-infrared: evidence for a peak-luminosity versus decline-rate relation in the near-infrared},
	volume = {124},
	shorttitle = {The standardizability of type {Ia} supernovae in the near-infrared},
	url = {http://iopscience.iop.org/article/10.1086/664734/meta},
	number = {912},
	journal = {Publications of the Astronomical Society of the Pacific},
	author = {Kattner, ShiAnne and Leonard, Douglas C. and Burns, Christopher R. and Phillips, M. M. and Folatelli, Gastón and Morrell, Nidia and Stritzinger, Maximilian D. and Hamuy, Mario and Freedman, Wendy L. and Persson, Sven E. and {others}},
	year = {2012},
	pages = {114}
}

@article{hsiao_earliest_2013,
	title = {{THE} {EARLIEST} {NEAR}-{INFRARED} {TIME}-{SERIES} {SPECTROSCOPY} {OF} {A} {TYPE} {Ia} {SUPERNOVA}},
	volume = {766},
	issn = {0004-637X, 1538-4357},
	url = {http://stacks.iop.org/0004-637X/766/i=2/a=72?key=crossref.a302a0a3cb36355e8adbd4561785013a},
	doi = {10.1088/0004-637X/766/2/72},
	number = {2},
	journal = {The Astrophysical Journal},
	author = {Hsiao, E. Y. and Marion, G. H. and Phillips, M. M. and Burns, C. R. and Winge, C. and Morrell, N. and Contreras, C. and Freedman, W. L. and Kromer, M. and Gall, E. E. E. and Gerardy, C. L. and Höflich, P. and Im, M. and Jeon, Y. and Kirshner, R. P. and Nugent, P. E. and Persson, S. E. and Pignata, G. and Roth, M. and Stanishev, V. and Stritzinger, M. and Suntzeff, N. B.},
	month = apr,
	year = {2013},
	pages = {72}
}

@article{scolnic_color_2014,
	title = {{COLOR} {DISPERSION} {AND} {MILKY}-{WAY}-{LIKE} {REDDENING} {AMONG} {TYPE} {Ia} {SUPERNOVAE}},
	volume = {780},
	issn = {0004-637X, 1538-4357},
	url = {http://stacks.iop.org/0004-637X/780/i=1/a=37?key=crossref.d364062a426e55af68261ad815f93310},
	doi = {10.1088/0004-637X/780/1/37},
	number = {1},
	journal = {The Astrophysical Journal},
	author = {Scolnic, Daniel M. and Riess, Adam G. and Foley, Ryan J. and Rest, Armin and Rodney, Steven A. and Brout, Dillon J. and Jones, David O.},
	month = jan,
	year = {2014},
	pages = {37}
}

@article{freedman_carnegie_2009,
	title = {The {Carnegie} {Supernova} {Project}: {First} near-infrared {Hubble} diagram to z{\textbackslash}textasciitilde0.7},
	journal = {The Astrophysical Journal},
	author = {Freedman, Wendy L. and Burns, Christopher R. and Phillips, M. M. and Wyatt, Pamela and Persson, S. E. and Madore, Barry F. and Contreras, Carlos and Folatelli, Gastón and Gonzalez, E. Sergio and Hamuy, Mario and Hsiao, Eric and Kelson, Daniel D. and Morrell, Nidia and Murphy, D. C. and Roth, Miguel and Stritzinger, Maximilian and Sturch, Laura and Suntzeff, Nick B. and Astier, P. and Balland, C. and Bassett, Bruce and Boldt, Luis and Carlberg, R. G. and Conley, Alexander J. and Frieman, Joshua A. and Garnavich, Peter M. and Guy, J. and Hardin, D. and Howell, D. Andrew and Kessler, Richard and Lampeitl, Hubert and Marriner, John and Pain, R. and Perrett, Kathy and Regnault, N. and Riess, Adam G. and Sako, Masao and Schneider, Donald P. and Sullivan, Mark and Wood-Vasey, Michael},
	month = jul,
	year = {2009}
}

@article{guy_salt_2005,
	title = {{SALT}: a spectral adaptive light curve template for type {Ia} supernovae},
	volume = {443},
	issn = {0004-6361, 1432-0756},
	shorttitle = {{SALT}},
	url = {http://www.edpsciences.org/10.1051/0004-6361:20053025},
	doi = {10.1051/0004-6361:20053025},
	number = {3},
	journal = {Astronomy and Astrophysics},
	author = {Guy, J. and Astier, P. and Nobili, S. and Regnault, N. and Pain, R.},
	month = dec,
	year = {2005},
	pages = {781--791}
}

@inproceedings{kusters_calibrating_2016,
	title = {Calibrating the {SNfactory} {Integral} {Field} {Spectrograph} ({SNIFS}) with {SCALA}},
	volume = {9908},
	url = {http://proceedings.spiedigitallibrary.org/proceeding.aspx?doi=10.1117/12.2232902},
	doi = {10.1117/12.2232902},
	booktitle = {Proc. {SPIE}},
	author = {Küsters, Daniel and Lombardo, Simona and Kowalski, Marek and Aldering, Greg and Nordin, Jakob and Rigault, Mickael},
	editor = {Evans, Christopher J. and Simard, Luc and Takami, Hideki},
	month = aug,
	year = {2016},
	pages = {99084V}
}

@article{phillips_reddening-free_1999,
	title = {The reddening-free decline rate versus luminosity relationship for type {Ia} supernovae},
	volume = {118},
	journal = {The Astronomical Journal},
	author = {Phillips, M. M. and Lira, Paulina and Suntzeff, Nicholas B. and Schommer, R. A. and Hamuy, Mario and Maza, José},
	month = oct,
	year = {1999},
	pages = {1766--1776}
}

@article{phillips_absolute_1993-1,
	title = {The absolute magnitude of type {Ia} supernovae},
	volume = {413},
	journal = {The Astrophysical Journal Letters},
	author = {Phillips, Mark M.},
	month = aug,
	year = {1993},
	pages = {L105--L108}
}

@article{krisciunas_hubble_2004,
	title = {Hubble diagrams of type {Ia} supernovae in the near-infrared},
	volume = {602},
	url = {http://iopscience.iop.org/article/10.1086/382731/meta},
	number = {2},
	journal = {The Astrophysical Journal Letters},
	author = {Krisciunas, Kevin and Phillips, Mark M. and Suntzeff, Nicholas B.},
	year = {2004},
	pages = {L81}
}

@article{friedman_cfair2_2015,
	title = {{CfAIR2}: near-infrared light curves of 94 type {Ia} supernovae},
	volume = {220},
	issn = {1538-4365},
	shorttitle = {{CfAIR2}},
	url = {http://stacks.iop.org/0067-0049/220/i=1/a=9?key=crossref.aec836cca235133b7415b8c351ca8492},
	doi = {10.1088/0067-0049/220/1/9},
	number = {1},
	journal = {The Astrophysical Journal Supplement Series},
	author = {Friedman, Andrew S. and Wood-Vasey, W. M. and Marion, G. H. and Challis, Peter and Mandel, Kaisey S. and Bloom, Joshua S. and Modjaz, Maryam and Narayan, Gautham and Hicken, Malcolm and Foley, Ryan J. and Klein, Christopher R. and Starr, Dan L. and Morgan, Adam and Rest, Armin and Blake, Cullen H. and Miller, Adam A. and Falco, Emilio E. and Wyatt, William F. and Mink, Jessica and Skrutskie, Michael F. and Kirshner, Robert P.},
	month = sep,
	year = {2015},
	pages = {9}
}

@article{wood-vasey_type_2008,
	title = {Type {Ia} supernovae are good standard candles in the near infrared: evidence from {PAIRI}℡},
	volume = {689},
	shorttitle = {Type {Ia} supernovae are good standard candles in the near infrared},
	url = {http://iopscience.iop.org/article/10.1086/592374/meta},
	number = {1},
	journal = {The Astrophysical Journal},
	author = {Wood-Vasey, W. Michael and Friedman, Andrew S. and Bloom, Joshua S. and Hicken, Malcolm and Modjaz, Maryam and Kirshner, Robert P. and Starr, Dan L. and Blake, Cullen H. and Falco, Emilio E. and Szentgyorgyi, Andrew H. and {others}},
	year = {2008},
	pages = {377}
}

@article{krisciunas_type_2006,
	title = {The {Type} {Ia} {Supernova} {2004S}, a {Clone} of {SN} 2001el, and the {Optimal} {Photometric} {Bands} for {Extinction} {Estimation}},
	volume = {133},
	url = {http://iopscience.iop.org/article/10.1086/509126/meta},
	number = {1},
	journal = {The Astronomical Journal},
	author = {Krisciunas, Kevin and Garnavich, Peter M. and Stanishev, Vallery and Suntzeff, Nicholas B. and Prieto, Jose Luis and Espinoza, Juan and Gonzalez, David and Salvo, Maria Elena and De la Rosa, Nancy Elias and Smartt, Stephen J. and {others}},
	year = {2006},
	pages = {58}
}

@article{meikle_absolute_2000,
	title = {The absolute infrared magnitudes of type {Ia} supernovae},
	volume = {314},
	url = {http://mnras.oxfordjournals.org/content/314/4/782.short},
	number = {4},
	journal = {Monthly Notices of the Royal Astronomical Society},
	author = {Meikle, W. P. S.},
	year = {2000},
	pages = {782--792}
}

@article{weyant_sweetspot_2014,
	title = {{SweetSpot}: near-infrared observations of 13 type {Ia} supernovae from a new {NOAO} survey probing the nearby smooth {Hubble} flow},
	volume = {784},
	issn = {0004-637X, 1538-4357},
	shorttitle = {{SWEETSPOT}},
	url = {http://stacks.iop.org/0004-637X/784/i=2/a=105?key=crossref.f303f262311414cd22ca64fec4506c52},
	doi = {10.1088/0004-637X/784/2/105},
	number = {2},
	journal = {The Astrophysical Journal},
	author = {Weyant, Anja and Wood-Vasey, W. Michael and Allen, Lori and Garnavich, Peter M. and Jha, Saurabh W. and Joyce, Richard and Matheson, Thomas},
	month = apr,
	year = {2014},
	pages = {105}
}

@article{krisciunas_optical_2004,
	title = {Optical and infrared photometry of the nearby type {Ia} supernovae 1999ee, 2000bh, 2000ca, and 2001ba},
	volume = {127},
	url = {http://iopscience.iop.org/article/10.1086/381911/meta},
	number = {3},
	journal = {The Astronomical Journal},
	author = {Krisciunas, Kevin and Phillips, Mark M. and Suntzeff, Nicholas B. and Persson, S. E. and Hamuy, Mario and Antezana, Roberto and Candia, Pablo and Clocchiatti, Alejandro and DePoy, Darren L. and Germany, Lisa M. and {others}},
	year = {2004},
	pages = {1664}
}

@article{delubac_baryon_2015,
	title = {Baryon acoustic oscillations in the {Lyα} forest of {BOSS} {DR11} quasars},
	volume = {574},
	url = {http://www.aanda.org/articles/aa/full_html/2015/02/aa23969-14/aa23969-14.html?display=full},
	journal = {Astronomy \& Astrophysics},
	author = {Delubac, Timothée and Bautista, Julian E. and Rich, James and Kirkby, David and Bailey, Stephen and Font-Ribera, Andreu and Slosar, Anže and Lee, Khee-Gan and Pieri, Matthew M. and Hamilton, Jean-Christophe and {others}},
	year = {2015},
	pages = {A59}
}

@article{wood-vasey_nearby_2004,
	title = {The nearby supernova factory},
	volume = {48},
	url = {http://www.sciencedirect.com/science/article/pii/S1387647303004081},
	number = {7},
	journal = {New Astronomy Reviews},
	author = {Wood-Vasey, W. M. and Aldering, G. and Lee, B. C. and Loken, S. and Nugent, P. and Perlmutter, S. and Siegrist, J. and Wang, L. and Antilogus, P. and Astier, P. and {others}},
	year = {2004},
	pages = {637--640}
}

@article{jha_improved_2007,
	title = {Improved distances to type {Ia} supernovae with multicolor light-curve shapes: {MLCS2k2}},
	number = {659},
	journal = {The Astrophysical Journal},
	author = {Jha, Saurabh and Riess, Adam G. and Kirshner, Robert P.},
	month = apr,
	year = {2007},
	pages = {122--148}
}

@article{woosley_evolution_1995,
	title = {The {Evolution} and {Explosion} of {Massive} {Stars}. {II}. {Explosive} {Hydrogynamics} and {Nucleosynthesis}},
	volume = {101},
	journal = {The Astrophysical Journal Supplement Series},
	author = {Woosley, S. E. and Weaver, T. A.},
	month = nov,
	year = {1995},
	pages = {181}
}

@book{hansen_stellar_2004,
	address = {New York, NY},
	title = {Stellar {Interiors} {Physical} {Principles}, {Structure}, and {Evolution}},
	isbn = {978-1-4419-9110-2 1-4419-9110-7 978-1-4612-6497-2 1-4612-6497-9},
	url = {http://dx.doi.org/10.1007/978-1-4419-9110-2},
	abstract = {This text, updated and expanded from the first edition, is designed for beginning students of stellar physics, and introduces the fundamentals of stellar structure and evolution. In emphasizing the general picture of the life cycles of stars and the physics responsible, it also allows prospective specialists a taste of many of the detailed aspects of this mature discipline. The authors develop a solid foundation in important theory that is often overlooked in typical courses yet steer clear of extraneous intensive mathematics and physics. Topics include: *The life stories of stars explained by observation and theory *Equations of state of stellar material *Basic radiative transfer and stellar spectra *Stellar energy sources and nucleosynthesis *Phenomenological approaches to convection *Numerical techniques for computation of stellar evolution Keeping pace with recent developments, the authors incorporate important elements such as asteroseismology, and the effects of rotation and magnetic fields. This edition contains an extensive set of exercises that supplement and expand on the text. About the authors: Carl Hansen is Professor Emeritus of Astrophysical and Planetary Sciences, and Fellow Adjoint of JILA, at the University of Colorado, Boulder. Steve Kawaler is Professor of Astrophysics at Iowa State University, Ames, Iowa. Virginia Trimble is Professor of Physics at the University of California, Irvine, and Visiting Professor of Astronomy at the University of Maryland, College Park.},
	language = {English},
	publisher = {Springer New York},
	author = {Hansen, Carl J and Kawaler, Steven D and Trimble, Virginia},
	year = {2004}
}

@article{bill_paxton_and_pablo_marchant_and_josiah_schwab_and_evan_b_bauer_and_lars_bildsten_and_matteo_cantiello_and_luc_dessart_and_r_farmer_and_h_hu_and_n_langer_and_r_h_d_townsend_and_dean_m_townsley_and_f_x_timmes_modules_2015,
	title = {Modules for {Experiments} in {Stellar} {Astrophysics} ({MESA}): {Binaries}, {Pulsations}, and {Explosions}},
	volume = {220},
	issn = {0067-0049},
	url = {http://stacks.iop.org/0067-0049/220/i=1/a=15},
	abstract = {We substantially update the capabilities of the open-source software instrument Modules for Experiments in Stellar Astrophysics ( MESA ). MESA can now simultaneously evolve an interacting pair of differentially rotating stars undergoing transfer and loss of mass and angular momentum, greatly enhancing the prior ability to model binary evolution. New MESA capabilities in fully coupled calculation of nuclear networks with hundreds of isotopes now allow MESA to accurately simulate the advanced burning stages needed to construct supernova progenitor models. Implicit hydrodynamics with shocks can now be treated with MESA , enabling modeling of the entire massive star lifecycle, from pre-main-sequence evolution to the onset of core collapse and nucleosynthesis from the resulting explosion. Coupling of the GYRE non-adiabatic pulsation instrument with MESA allows for new explorations of the instability strips for massive stars while also accelerating the astrophysical use of asteroseismology data. We improve the treatment of mass accretion, giving more accurate and robust near-surface profiles. A new MESA capability to calculate weak reaction rates “on-the-fly” from input nuclear data allows better simulation of accretion induced collapse of massive white dwarfs and the fate of some massive stars. We discuss the ongoing challenge of chemical diffusion in the strongly coupled plasma regime, and exhibit improvements in MESA that now allow for the simulation of radiative levitation of heavy elements in hot stars. We close by noting that the MESA software infrastructure provides bit-for-bit consistency for all results across all the supported platforms, a profound enabling capability for accelerating MESA 's development.},
	number = {1},
	journal = {The Astrophysical Journal Supplement Series},
	author = {{Bill Paxton and Pablo Marchant and Josiah Schwab and Evan B. Bauer and Lars Bildsten and Matteo Cantiello and Luc Dessart and R. Farmer and H. Hu and N. Langer and R. H. D. Townsend and Dean M. Townsley and F. X. Timmes}},
	year = {2015},
	pages = {15}
}

@article{whitmore_chargetransfer_1999,
	title = {Charge‐{Transfer} {Efficiency} of {WFPC2}},
	volume = {111},
	issn = {0004-6280, 1538-3873},
	url = {http://www.jstor.org/stable/10.1086/316475},
	doi = {10.1086/316475},
	language = {en},
	number = {766},
	journal = {Publications of the Astronomical Society of the Pacific},
	author = {Whitmore, Bradley and Heyer, Inge and Casertano, Stefano},
	month = dec,
	year = {1999},
	pages = {1559--1576}
}

@article{riess_time_1999,
	title = {Time {Dependence} of {CTE} from {Cosmic} {Ray} {Tails}},
	url = {http://www.stsci.edu/hst/wfpc2/documents/isr/wfpc2_isr9904.pdf},
	journal = {WFPC2 Instrument Science Report},
	author = {Riess, Adam and Biretta, John and Casertano, Stefano},
	year = {1999},
	pages = {99--04}
}

@article{suzuki_hubble_2012,
	title = {{THE} \textit{{HUBBLE}} {SPACE} ℡{ESCOPE} {CLUSTER} {SUPERNOVA} {SURVEY}. {V}. {IMPROVING} {THE} {DARK}-{ENERGY} {CONSTRAINTS} {ABOVE} \textit{z} \&gt; 1 {AND} {BUILDING} {AN} {EARLY}-{TYPE}-{HOSTED} {SUPERNOVA} {SAMPLE}},
	volume = {746},
	issn = {0004-637X, 1538-4357},
	url = {http://stacks.iop.org/0004-637X/746/i=1/a=85?key=crossref.4d6837913710c5bf10f23d3e15e98d35},
	doi = {10.1088/0004-637X/746/1/85},
	number = {1},
	journal = {The Astrophysical Journal},
	author = {Suzuki, N. and Rubin, D. and Lidman, C. and Aldering, G. and Amanullah, R. and Barbary, K. and Barrientos, L. F. and Botyanszki, J. and Brodwin, M. and Connolly, N. and Dawson, K. S. and Dey, A. and Doi, M. and Donahue, M. and Deustua, S. and Eisenhardt, P. and Ellingson, E. and Faccioli, L. and Fadeyev, V. and Fakhouri, H. K. and Fruchter, A. S. and Gilbank, D. G. and Gladders, M. D. and Goldhaber, G. and Gonzalez, A. H. and Goobar, A. and Gude, A. and Hattori, T. and Hoekstra, H. and Hsiao, E. and Huang, X. and Ihara, Y. and Jee, M. J. and Johnston, D. and Kashikawa, N. and Koester, B. and Konishi, K. and Kowalski, M. and Linder, E. V. and Lubin, L. and Melbourne, J. and Meyers, J. and Morokuma, T. and Munshi, F. and Mullis, C. and Oda, T. and Panagia, N. and Perlmutter, S. and Postman, M. and Pritchard, T. and Rhodes, J. and Ripoche, P. and Rosati, P. and Schlegel, D. J. and Spadafora, A. and Stanford, S. A. and Stanishev, V. and Stern, D. and Strovink, M. and Takanashi, N. and Tokita, K. and Wagner, M. and Wang, L. and Yasuda, N. and Yee, H. K. C. and {The Supernova Cosmology Project}},
	month = feb,
	year = {2012},
	pages = {85}
}

@article{perlmutter_supernovae_2003,
	title = {Supernovae, dark energy, and the accelerating universe},
	volume = {56},
	url = {http://academic.evergreen.edu/z/zita/teaching/SciSem/ss2013/articles/PT/DE_SP03.pdf},
	number = {4},
	journal = {Physics today},
	author = {Perlmutter, Saul and {others}},
	year = {2003},
	pages = {53--62}
}

@inproceedings{lantz_snifs_2004,
	series = {{\textbackslash}procspie},
	title = {{SNIFS}: a wideband integral field spectrograph with microlens arrays},
	volume = {5249},
	doi = {10.1117/12.512493},
	booktitle = {Optical {Design} and {Engineering}},
	author = {Lantz, B. and Aldering, G. and Antilogus, P. and Bonnaud, C. and Capoani, L. and Castera, A. and Copin, Y. and Dubet, D. and Gangler, E. and Henault, F. and Lemonnier, J.-P. and Pain, R. and Pecontal, A. and Pecontal, E. and Smadja, G.},
	editor = {Mazuray, L. and Rogers, P. J. and Wartmann, R.},
	month = feb,
	year = {2004},
	pages = {146--155}
}

@article{winn_small_1974,
	title = {Small, {High}-{Speed} {Bearing} {Technology} for {Cryogenic} {Turbo}-{Pumps}},
	url = {http://www.ntrs.nasa.gov/archive/nasa/casi.ntrs.nasa.gov/19750003277_1975003277.pdf},
	journal = {MTI-74TR29, Mechanical Technology, Inc., Latham, NY (NASA CR-134615.)},
	author = {Winn, Leo W. and Eusepi, Martin W. and Smalley, Anthony J.},
	year = {1974}
}

@article{lamb_miscellaneous_1996,
	title = {Miscellaneous data on materials for millimetre and submillimetre optics},
	volume = {17},
	url = {http://link.springer.com/article/10.1007/BF02069487},
	number = {12},
	journal = {International Journal of Infrared and Millimeter Waves},
	author = {Lamb, James W.},
	year = {1996},
	pages = {1997--2034}
}

@article{tripp_two-parameter_1998,
	title = {A two-parameter luminosity correction for {Type} {IA} supernovae},
	volume = {331},
	journal = {{\textbackslash}aap},
	author = {Tripp, Robert},
	month = mar,
	year = {1998},
	keywords = {SUPERNOVAE: GENERAL, COSMOLOGY: OBSERVATIONS, DISTANCE SCALE},
	pages = {815--820}
}

@article{zheng_empirical_2018,
	title = {An {Empirical} {Fitting} {Method} to {Type} {Ia} {Supernova} {Light} {Curves}. {III}. {A} {Three}-parameter {Relationship}: {Peak} {Magnitude}, {Rise} {Time}, and {Photospheric} {Velocity}},
	volume = {858},
	doi = {10.3847/1538-4357/aabaeb},
	number = {2},
	journal = {{\textbackslash}apj},
	author = {Zheng, WeiKang and Kelly, Patrick L. and Filippenko, Alexei V.},
	month = may,
	year = {2018},
	keywords = {supernovae: general, galaxies: distances and redshifts, Astrophysics - High Energy Astrophysical Phenomena},
	pages = {104}
}

@article{benetti_diversity_2005,
	title = {The {Diversity} of {Type} {Ia} {Supernovae}: {Evidence} for {Systematics}?},
	volume = {623},
	doi = {10.1086/428608},
	number = {2},
	journal = {{\textbackslash}apj},
	author = {Benetti, S. and Cappellaro, E. and Mazzali, P. A. and Turatto, M. and Altavilla, G. and Bufano, F. and Elias-Rosa, N. and Kotak, R. and Pignata, G. and Salvo, M.},
	month = apr,
	year = {2005},
	keywords = {Astrophysics, Stars: Supernovae: General},
	pages = {1011--1016}
}

@article{zhang_optical_2010,
	title = {Optical {Observations} of the {Rapidly} {Expanding} {Type} {Ia} {Supernova} 2007gi},
	volume = {122},
	doi = {10.1086/649851},
	number = {887},
	journal = {{\textbackslash}pasp},
	author = {Zhang, T. and Wang, X. and Li, W. and Filippenko, A. V. and Wang, L. and Zhou, X. and Brown, P. J. and Silverman, J. M. and Steele, T. N. and Ganeshalingam, M.},
	month = jan,
	year = {2010},
	keywords = {Astrophysics - Cosmology and Nongalactic Astrophysics, Astrophysics - Solar and Stellar Astrophysics},
	pages = {1}
}

@article{astropy_collaboration_astropy_2013,
	title = {Astropy: {A} community {Python} package for astronomy},
	volume = {558},
	url = {http://adsabs.harvard.edu/cgi-bin/nph-data_query?bibcode=2013A%26A...558A..33A&link_type=ABSTRACT papers3://publication/doi/10.1051/0004-6361/201322068},
	abstract = {We present the first public version (v0.2) of the open-source and community-developed Python package, Astropy. This package provides core astronomy-related functionality to the community, including support for domain-specific file formats such as flexible image transport system (FITS) files, Virtual Observatory (VO) tables, and common ASCII table formats, unit and physical quantity conversions, physical constants specific to astronomy, celestial coordinate and time transformations, world coordinate system (WCS) support, generalized containers for representing gridded as well as tabular data, and a framework for cosmological transformations and conversions. Significant functionality is under active development, such as a model fitting framework, VO client and server tools, and aperture and point spread function (PSF) photometry tools. The core development team is actively making additions and enhancements to the current code base, and we encourage anyone interested to participate in the development of future Astropy versions.},
	journal = {A\&A},
	author = {{Astropy Collaboration}},
	month = oct,
	year = {2013},
	keywords = {methods: data analysis – methods: miscellaneous –},
	pages = {33},
	annote = {Robitaille, Thomas P Tollerud, Erik J Greenfield, Perry Droettboom, Michael Bray, Erik Aldcroft, Tom Davis, Matt Ginsburg, Adam Price-Whelan, Adrian M Kerzendorf, Wolfgang E Conley, Alexander Crighton, Neil Barbary, Kyle Muna, Demitri Ferguson, Henry Grollier, Frédéric Parikh, Madhura M Nair, Prasanth H Unther, Hans M Deil, Christoph Woillez, Julien Conseil, Simon Kramer, Roban Turner, James E H Singer, Leo Fox, Ryan Weaver, Benjamin A Zabalza, Victor Edwards, Zachary I Azalee Bostroem, K Burke, D J Casey, Andrew R Crawford, Steven M Dencheva, Nadia Ely, Justin Jenness, Tim Labrie, Kathleen Lim, Pey Lian Pierfederici, Francesco Pontzen, Andrew Ptak, Andy Refsdal, Brian Servillat, Mathieu Streicher, Ole}
}

@article{hunter_matplotlib_2007,
	title = {Matplotlib: {A} {2D} graphics environment},
	volume = {9},
	doi = {10.1109/MCSE.2007.55},
	abstract = {Matplotlib is a 2D graphics package used for Python for application development, interactive scripting, and publication-quality image generation across user interfaces and operating systems.},
	number = {3},
	journal = {Computing in Science \& Engineering},
	author = {Hunter, J. D.},
	year = {2007},
	pages = {90--95}
}

@book{oliphant_numpy_2006,
	title = {{NumPy}: {A} guide to {NumPy}},
	url = {http://www.numpy.org/},
	author = {Oliphant, Travis},
	year = {2006},
	note = {Published: USA: Trelgol Publishing},
	annote = {[Online; accessed {\textless}today{\textgreater}]}
}

@book{jones_scipy_2001,
	title = {{SciPy}: {Open} source scientific tools for {Python}},
	url = {http://www.scipy.org/},
	author = {Jones, Eric and Oliphant, Travis and Peterson, Pearu and {others}},
	year = {2001},
	annote = {[Online; accessed {\textless}today{\textgreater}]}
}

@inproceedings{mckinney_data_2010,
	title = {Data {Structures} for {Statistical} {Computing} in {Python}},
	booktitle = {Proceedings of the 9th {Python} in {Science} {Conference}},
	author = {McKinney, Wes},
	editor = {Walt, Stéfan van der and Millman, Jarrod},
	year = {2010},
	pages = {51 -- 56}
}

@book{team_iminuit_2012,
	title = {iminuit – {A} {Python} interface to {Minuit}},
	url = {https://github.com/scikit-hep/iminuit},
	author = {team, iminuit},
	year = {2012},
	annote = {Accessed: 2018-03-05}
}

@article{perlmutter_measurements_1999,
	title = {Measurements of {\textbackslash}ensuremath{\textbackslash}{Omega} and {\textbackslash}ensuremath{\textbackslash}{Lambda} from 42 {High}-{Redshift} {Supernovae}},
	volume = {517},
	doi = {10.1086/307221},
	number = {2},
	journal = {{\textbackslash}apj},
	author = {Perlmutter, S. and Aldering, G. and Goldhaber, G. and Knop, R. A. and Nugent, P. and Castro, P. G. and Deustua, S. and Fabbro, S. and Goobar, A. and Groom, D. E. and Hook, I. M. and Kim, A. G. and Kim, M. Y. and Lee, J. C. and Nunes, N. J. and Pain, R. and Pennypacker, C. R. and Quimby, R. and Lidman, C. and Ellis, R. S. and Irwin, M. and McMahon, R. G. and Ruiz-Lapuente, P. and Walton, N. and Schaefer, B. and Boyle, B. J. and Filippenko, A. V. and Matheson, T. and Fruchter, A. S. and Panagia, N. and Newberg, H. J. M. and Couch, W. J. and Project, The Supernova Cosmology},
	month = jun,
	year = {1999},
	keywords = {Astrophysics, COSMOLOGY: DISTANCE SCALE, STARS: SUPERNOVAE: GENERAL, Cosmology: Distance Scale, Cosmology: Observations, Stars: Supernovae: General, COSMOLOGY: OBSERVATIONS, High Energy Physics - Experiment, High Energy Physics - Phenomenology},
	pages = {565--586}
}

@article{ponder_snfactory_2020,
	title = {{SNfactory} {Pipeline}},
	author = {Ponder, Kara A. and aaa, a and aaa, a and aaa, a},
	year = {2020},
	annote = {In prep.}
}

@article{noauthor_notitle_nodate
}

@article{clarke_phantom_2005,
	title = {The {Phantom} {Menace}: {Omitted} {Variable} {Bias} in {Econometric} {Research}},
	volume = {22},
	issn = {0738-8942, 1549-9219},
	shorttitle = {The {Phantom} {Menace}},
	url = {http://journals.sagepub.com/doi/10.1080/07388940500339183},
	doi = {10.1080/07388940500339183},
	language = {en},
	number = {4},
	urldate = {2020-07-08},
	journal = {Conflict Management and Peace Science},
	author = {Clarke, Kevin A.},
	month = sep,
	year = {2005},
	pages = {341--352}
}

@book{wooldridge_introductory_2013,
	address = {Mason, OH},
	edition = {5th ed},
	title = {Introductory econometrics: a modern approach},
	isbn = {978-1-111-53104-1},
	shorttitle = {Introductory econometrics},
	publisher = {South-Western Cengage Learning},
	author = {Wooldridge, Jeffrey M.},
	year = {2013},
	note = {OCLC: ocn827938223},
	keywords = {Econometrics},
	annote = {The nature of econometrics and economic data -- Regression analysis with cross-sectional data -- The simple regression model -- Multiple regression analysis: estimation -- Multiple regression analysis: inference -- Multiple regression analysis: OLS asymptotics -- Multiple regression analysis: further issues -- Multiple regression analysis with qualitative information: binary (or dummy) variables -- Hetroskedasticity -- More on specification and data issues -- Regression analysis with time series data -- Basic regression analysis with time series data -- Further issues in using OLS with time series data -- Serial correlation and heteroskedasticity in time series regressions -- Pooling cross sections across time: simple panel data methods -- Advanced panel data methods -- Instrumental variables estimation and two stage least squares -- Simultaneous equations models -- Limited dependent variable models and sample selection corrections -- Advanced time series topics -- Carrying out an empirical project -- Appendices}
}
